2616 4814
652 581 731 687 Vi.

668 778 722 838 ‘nti

406 905 648 1032 ‚ii'isumu
687 906 977 993 oracionis

78 1082 82 1092 ·
176 1073 476 1164 INDOLE
549 1077 810 1196 trouu
876 1077 1214 1209 Narona

501 1264 813 1320 commixturam
836 1259 891 1328 IVt

567 1582 784 1608 οοοοοοοοοοοοοοοοοοοοο
786 1568 825 1609 deod

176 1736 426 1886 ,Quaecunque
447 1786 479 1849 in
498 1787 676 1874 linguarum
693 1785 848 1879 thesauris
861 1780 1001 1874 reposita
1017 1778 1090 1854 sunt
1105 1766 1215 1874 verba,

177 1915 217 1958 aa
236 1891 267 1954 in
289 1889 439 1978 primaria
460 1889 709 1974 secundariaque
730 1883 901 1953 dividenda
922 1914 1007 1973 esse,
1039 1896 1070 1956 in
1101 1890 1215 1959 barum

80 2027 107 2082 Ι·
157 1992 477 2067 ,commentationum
497 1991 600 2075 'prima
623 1992 740 2055 docere
762 1995 867 2056 conati
890 2002 1005 2057 sumus.
1059 1991 1217 2060 Primariai

177 2098 326 2160 nimirum
348 2096 401 2156 iila
422 2095 560 2178 putanda
581 2105 650 2157 ess'e
670 2096 867 2175 monuimus,
890 2118 971 2180 quae
992 2098 1044 2161 vel
1066 2119 1117 2160 res
1138 2101 1218 2161 vere

179 2213 354 2277 exstantes,
375 2199 563 2261 notionesve
584 2198 688 2258 animo
710 2211 819 2260 nostro
841 2198 951 2260 eadem
972 2200 1113 2278 ratione,
1134 2197 1171 2262 ac⁴
1189 2200 1217 2262 si

177 2301 240 2364 illis
270 2300 424 2363 eiusmodi
452 2319 521 2375 res,
555 2298 790 2380 aphilosophis
817 2299 1061 2362 substantiarum
1089 2288 1217 2390 nomine

178 2404 360 2486 insignitae,
382 2399 544 2460 subiectae
565 2403 687 2478 essent,
708 2398 875 2478 formatas,
906 2401 959 2464 ve‘l
981 2422 1017 2462 ea
1039 2403 1217 2486 designent,

179 2526 262 2590 quae
283 2503 374 2564 nobis
403 2501 441 2562 de'
464 2500 525 2560 illis
554 2499 651 2560 rebus
679 2501 902 2569 notionibusve
927 2501 1116 2569 enuntianda
1137 2509 1217 2586 sint;

178 2606 218 2669 ad
241 2603 500 2667 secundariorum
522 2624 687 2664 numerum
708 2626 788 2668 vero
810 2627 846 2668 ea
861 2605 1047 2686 reierenda,
1068 2631 1149 2693 quae
1164 2611 1217 2674 vel

177 2708 311 2786 rationi,
344 2728 405 2791 qua
426 2705 571 2766 notiones
594 2705 865 2772 enuntiationesve
894 2709 932 2770 ad
954 2722 989 2771 se
1010 2711 1146 2773 invicem
1167 2711 1218 2774 ie-

56 2856 60 2863 .
153 2811 339 2888 derantur,
372 2806 613 2890 significandae,
646 2809 766 2870 veihis
788 2811 864 2893 ipsis
886 2812 1151 2874 enuntiationibus
1172 2812 1219 2875 in·

128 2954 131 2964 ·
177 2929 229 2976 ter
249 2934 283 2974 se
305 2911 541 2992 coniungendis¹
561 2911 742 2974 inserviant.
795 2913 887 3007 Quae
912 2915 1091 2997 posteriora
1119 2916 1219 2997 quum

178 3016 221 3078 ita
252 3019 430 3098 comparata
458 3012 549 3094 tint,
572 3025 606 3074 ut
627 3012 688 3096 per'
717 3035 750 3074 se
775 3012 843 3075 iere
865 3014 950 3074 omui
972 3011 1099 3074 careani
1126 3020 1217 3095 p'o'te·

179 3131 277 3196 state,
300 3136 475 3198 eorumque
497 3112 702 3197 significatio,
725 3128 758 3176 ut
778 3115 923 3191 articuli,
944 3113 1218 3196 praepositionum

103 3292 104 3299 ἵ
180 3218 517 3301 coniunctionumque,
550 3214 632 3291 non,
666 3215 726 3274 nisi
755 3235 836 3295 cum,
858 3215 926 3276 aliis
957 3216 1123 3278 coniuncta
1144 3218 1217 3297 sint,

179 3336 267 3386 recte
289 3320 423 3402 intelligi
443 3319 563 3403 possit,
592 3315 753 3401 prioribus
776 3316 904 3378 omnino
925 3317 980 3379 illa
1002 3318 1119 3398 verba,
1148 3321 1217 3382 sive'

142 3493 146 3505 Ι
180 3424 220 3486 ad
242 3417 463 3498 substantiam,
496 3420 536 3482 de
558 3434 620 3503 'qua
646 3418 765 3503 aliquid
792 3418 1009 3499 enuntiamus,
1043 3423 1218 3484 accuratius

181 3523 405 3600 definiendam,
438 3522 507 3584 sive
536 3522 575 3582 ad
596 3519 841 3583 enuntiationem
872 3521 958 3583 iiiam
979 3524 1081 3606 ipsam
1103 3523 1219 3587 'consti-

180 3626 330 3690 tuendam
356 3624 581 3711 adhibeantur,
614 3624 847 3685 adnumeranda
879 3635 965 3703 esse,
1001 3629 1137 3710 quorum
1170 3626 1217 3688 vis

139 3803 143 3815 ³
179 3714 249 3791 tum
271 3748 400 3813 quoque
421 3729 589 3809 adpareat,
611 3748 708 3812 quum
729 3728 796 3789 sola
817 3727 919 3811 posita
941 3729 1013 3807 sint,
1037 3750 1097 3811 per
1113 3750 1147 3790 se
1164 3753 1218 3813 pa·
1294 3715 1296 3718 Α

180 3836 245 3892 tet.'
280 3831 370 3924 Quae
389 3829 473 3891 inter
494 3828 591 3892 verba
614 3851 801 3913 quamquam
822 3830 942 3914 primus
963 3830 1218 3916 praecipuusque

181 3932 272 3993 locus
294 3913 412 4011 verbo,
434 3953 451 3992 a
471 3931 680 4015 grammaticis
700 3931 832 4014 proprie
853 3931 898 3993 sic
921 3931 1017 4013 dicto,
1041 3934 1217 3995 coneeden-

183 4033 241 4095 dus
262 4047 326 4112 cst,
359 4033 636 4116 proxime'tame'n
656 4035 696 4109 ad
717 4032 944 4117 substantivum
967 4032 1091 4117 accedit
1115 4034 1223 4098 adiec·'¹
1251 4102 1255 4112 ,

182 4106 302 4220 unffi,
335 4135 421 4222 quod
443 4137 483 4203 ad
504 4135 699 4223 singularum
720 4134 965 4201 substantiarum
985 4135 1148 4200 notionem
1169 4136 1217 4198 sin
