2616 4814
165 418 204 479 i!
317 422 369 483 IV.
404 429 445 484 vc
459 426 580 497 purtim
596 424 725 483 motionis
741 424 829 483 indole
846 432 928 497 caque
944 434 1055 483 uetare.
1134 422 1137 427 '

174 591 395 673 continentur,
415 610 496 677 quae
516 589 653 675 singulas
674 589 707 651 in
724 588 905 655 substantiis
928 590 1116 675 adparentes
1131 612 1210 677 qua-

173 690 297 771 litates,
327 682 388 757 neo
408 712 473 755 nou
494 705 527 757 et
546 692 685 755 actiones
706 690 865 775 ipsarum,
896 714 1032 779 quarum
1052 693 1125 756 illae
1155 694 1209 756 ad-

173 791 319 875 ieetivis,
339 780 400 858 bb'e
421 793 528 859 verbis
550 794 787 880 exprimuntur,
806 817 824 858 a
844 793 1024 858 substantiis
1047 796 1141 880 plane
1162 816 1210 859 aa·

171 907 299 983 perstas
326 908 422 985 atque
449 897 606 960 seiunctas
632 910 791 981 tamquam
818 918 871 960 res
899 918 960 983 per
989 918 1025 960 se
1053 908 1211 959 exstantes

174 994 356 1083 designant,
390 997 568 1083 quibusque
596 1019 711 1061 nomen
738 998 1004 1063 substantivorum
1037 999 1211 1063 abstracto·

173 1114 247 1159 rum
277 1120 295 1161 a
322 1100 533 1183 grammaticis
560 1100 743 1183 impositum
770 1111 827 1164 est.
887 1101 1084 1164 Derivautur
1112 1101 1210 1186 igitur

173 1196 256 1265 bueo
282 1200 477 1264 substantiva
504 1199 745 1287 iormunturque
779 1202 818 1265 ab
850 1203 1013 1267 adiectivis
1042 1223 1143 1289 seque
1174 1222 1212 1265 ao

175 1302 296 1365 verbis.
336 1306 402 1383 Eu,
423 1323 505 1389 quae
525 1302 565 1365 ab
586 1303 749 1368 adieetivis
772 1304 928 1388 originem
947 1304 1093 1384 trabunt,
1116 1324 1213 1389 quan·

175 1401 315 1482 titatem,
347 1405 513 1489 qualitates
534 1418 567 1468 et
594 1405 703 1468 animis
733 1418 765 1470 et
793 1405 983 1495 corporibus
1004 1404 1216 1485 inhaerentes,

178 1504 454 1595 conditionemque
481 1507 743 1586 substantiarum,
776 1527 957 1597 quaerero
985 1506 1133 1572 urerbis
1160 1507 1215 1571 de·

178 1603 355 1689 ducuntur,
394 1610 533 1673 actiones
563 1610 640 1696 ipsis
670 1621 791 1673 notatas
825 1622 984 1695 tamquam
1010 1629 1062 1673 res
1091 1628 1151 1693 per
1178 1628 1215 1671 se

179 1720 357 1771 constantes
382 1712 579 1795 exprimunt,
612 1725 644 1775 ct
672 1711 820 1798 quidem,
850 1712 884 1775 iu
913 1712 1074 1775 nonnullis
1103 1710 1215 1773 saltem

177 1804 312 1892 linguis,
343 1812 461 1896 partim
481 1814 548 1877 sine
570 1815 656 1877 omni
675 1826 826 1899 respectu
845 1812 913 1895 rei,
942 1814 976 1876 iu
997 1834 1091 1899 quam
1118 1811 1215 1876 effeo·

176 1918 229 1972 tus
248 1912 376 1993 mansit,
403 1914 520 2000 partim
539 1917 605 1996 sic,
631 1928 667 1979 ut
684 1914 764 1978 haec
783 1934 838 1979 res
857 1914 1068 2001 respiciatur,
1098 1915 1216 2001 partim

177 2027 258 2075 raro
278 2009 340 2095 ita,
362 2027 399 2078 ut
418 2015 488 2102 ipse
509 2014 641 2085 effectus
660 2016 846 2105 designetur
869 2020 913 2100 ¹).

144 2184 147 2189 ,
177 2155 397 2185 ...η-η·-

248 2237 279 2304 1)
299 2238 342 2296 tJt
357 2238 386 2293 in
401 2238 502 2295 multis
519 2239 584 2295 aliis
600 2241 696 2304 rebus,
714 2236 755 2293 sic
771 2237 801 2293 in
817 2238 871 2293 isac
889 2238 977 2295 ouen
993 2236 1107 2294 excellit
1120 2237 1220 2309 uagus

180 2321 363 2392 Germanica,
395 2326 425 2380 in
444 2345 501 2397 qna
518 2345 613 2383 omnes
631 2327 686 2383 bae
702 2328 811 2381 formas
829 2331 987 2381 occurrunt.
1027 2327 1054 2381 Δ
1070 2326 1159 2380 verbo
1176 2327 1221 2379 lu-

178 2412 232 2466 deo
249 2430 274 2465 e.
292 2431 320 2485 g.
336 2413 484 2469 derivatur
501 2417 551 2469 dus
570 2416 680 2480 boden,
698 2416 742 2469 dic
756 2415 895 2487 budrug,
913 2414 958 2469 dis
973 2412 1048 2472 bart.
1082 2412 1131 2467 sic
1149 2429 1220 2483 quo·

181 2516 237 2569 que
255 2498 428 2569 inveuimuss
454 2503 504 2557 dus
523 2504 677 2568 Beiobuea,
703 2503 746 2559 die
764 2504 944 2574 eurtum,
970 2504 1018 2575 des·
1036 2502 1134 2565 brim
1169 2502 1221 2555 uas

179 2588 306 2659 Segusa,
330 2590 374 2645 dic
389 2592 541 2663 &gruum
569 2592 618 2645 der
631 2592 728 2663 degsa.
761 2593 797 2647 ci.
814 2591 919 2649 Mariis
937 2590 1081 2651 ilsutselse
1098 2588 1223 2663 spraer-

179 2674 263 2731 tsnrs
278 2674 309 2731 in
326 2676 449 2735 Brieieu.
467 2680 544 2735 lieri.
561 2680 639 2736 ltal.
658 2700 683 2751 p.
700 2682 744 2742 ill.

248 2764 442 2837 Sebilperaort
464 2766 494 2823 in
518 2768 702 2841 grammatica
720 2786 772 2825 sua
790 2770 945 2846 duplicans
969 2766 1113 2841 (Premisr
1132 2768 1223 2822 (lours

182 2850 217 2906 ds
234 2852 264 2907 la
283 2854 377 2910 (isam
394 2858 478 2929 Aegl.
502 2858 593 2913 Amat.
609 2858 687 2915 leot.
710 2878 738 2932 p.
754 2860 790 2916 ii
806 2862 883 2933 sqq.)
909 2858 1088 2917 substantiva
1103 2856 1133 2909 iu
1151 2872 1224 2926 qua-

180 2944 248 2997 iuor
265 2942 383 3015 digessit
401 2963 523 3019 geuma,
550 2964 671 3017 quorum
687 2965 756 3003 vero
775 2947 925 3017 descriptio
945 2945 982 3000 ab
1000 2962 1050 3010 su,
1070 2960 1155 3013 quem
1171 2960 1223 2996 nos

168 3033 391 3102 proposuimus,
420 3034 577 3089 collectivi·
605 3052 717 3105 quoque
745 3044 775 3091 ct
792 3035 987 3091 materialibus
1004 3034 1033 3087 in
1051 3051 1135 3087 uuam
1158 3048 1222 3105 spe-

182 3118 255 3175 eiem
278 3122 416 3185 reductis,
445 3141 479 3177 ex
496 3130 578 3194 parte
596 3124 699 3178 saltem
724 3124 830 3178 differt.
873 3124 938 3195 ipso
956 3127 1073 3175 auctore
1091 3122 1222 3176 substau-

181 3206 245 3263 tiva
259 3217 325 3265 sunt
352 3214 382 3277 1)
400 3210 511 3265 nomina
527 3194 657 3287 propria3
690 3212 724 3281 Ζ)
740 3209 912 3275 communia,
941 3225 1014 3285 quas
1031 3226 1080 3263 nos
1097 3210 1223 3281 adpellu-

182 3296 245 3352 tira
261 3298 481 3363 nominavimus3
514 3296 547 3366 d)
569 3296 689 3365 idealia,
715 3315 770 3369 quo
788 3296 897 3351 nemius
916 3314 971 3352 uns
987 3314 1051 3353 cum
1066 3296 1120 3365 iis,
1150 3315 1223 3369 quas

183 3401 234 3438 uos
251 3402 336 3453 supra
353 3386 498 3439 abstractu
514 3385 738 3456 adpellarimus‚
757 3404 789 3441 eu
805 3386 1031 3456 comprehendit,
1052 3388 1169 3456 quibus,
1189 3391 1224 3439 ut

184 3470 246 3541 ipss
270 3472 413 3540 loquitur,
441 3472 618 3544 tempestatis
636 3474 774 3542 conditio,
800 3480 893 3528 icium
918 3474 1032 3547 aliquod
1057 3490 1145 3544 genus
1170 3490 1222 3529 scu

185 3558 344 3615 substantia
367 3558 500 3615 uniuersa
525 3560 715 3633 significatur,
744 3576 772 3613 v.
791 3576 818 3631 p.
844 3559 959 3630 pluvia,
986 3563 1107 3633 mado,
1135 3578 1223 3635 genus

184 3648 338 3703 humanum
359 3648 532 3719 (disuleiud),
549 3666 667 3717 aurum3
693 3650 724 3716 4)
741 3648 907 3716 collectiva,
928 3666 999 3723 ques
1018 3649 1154 3720 singulari
1171 3668 1223 3706 uu·

185 3755 263 3792 mero
281 3736 491 3793 multitudinem
508 3737 673 3810 designant,
698 3737 777 3803 sive,
805 3743 839 3792 ui
857 3736 1040 3793 Grammatlci
1057 3738 1221 3806 loquuntur,

185 3827 323 3897 positione
343 3825 514 3899 singularia,
540 3827 687 3881 intellectu
705 3826 829 3897 pluralia
845 3833 919 3881 sunt.
960 3824 1035 3879 Huic
1053 3824 1154 3879 ultimo
1172 3844 1223 3897 ge-

186 3914 249 3968 neri
265 3916 333 3969 duas
352 3916 443 3970 adbuc
460 3914 608 3987 subiungit
623 3914 746 3987 species,
767 3931 886 3984 quarum
896 3914 989 3968 altera
1003 3913 1224 3971 casubstsutira

187 4003 384 4073 amplectitur,
413 4022 486 4076 quse
507 4004 569 4076 ipss
587 4004 738 4061 collectiva
753 4001 858 4057 tuscus
874 4002 1017 4073 adpellat,
1044 4002 1137 4059 alteru
1153 4016 1223 4057 vero

187 4106 238 4157 es,
262 4090 365 4159 quibus
381 4108 481 4148 noman
498 4093 713 4149 wllastirorum
729 4089 917 4147 mmmuuium
934 4088 1069 4162 imponit,
1087 4107 1116 4146 r.
1132 4106 1156 4147 a.
1172 4104 1225 4165 gs·

185 4194 239 4236 nus
253 4178 406 4239 bumauum
425 4182 598 4253 (liuilni),
615 4182 719 4253 turbs,
737 4198 824 4257 gres,
840 4184 946 4238 costus.
