2616 4814
927 308 959 363 ‚r

87 444 105 481 2.-
158 420 256 477 euo·-·
396 418 448 477 tx.
483 390 961 491 muneremunere
1059 444 1063 449 -

20 584 55 679 p?-
161 586 330 653 Maeonius·
344 585 408 649 ales
429 583 606 675 adpellatus
625 598 692 666 est,
725 585 771 650 ita
798 587 860 650 ism
887 585 1017 672 quidem
1038 586 1201 672 Brugs'il·

38 680 45 689 ’
99 756 107 777 2
162 687 224 751 lius
241 687 382 751 nemoris
402 686 583 750 nominatur
604 706 732 773 cygnus.

91 782 139 847 'ili-
204 782 220 853 ⁴,
243 789 364 852 Poetae
383 788 455 853 Itali
474 786 548 852 tore
568 801 604 853 ut
624 811 775 879 umquam
796 810 836 854 ex
855 802 991 855 veterno
1013 792 1202 871 excitentur,

164 912 228 976 quo
248 902 414 975 torpentes
435 910 644 955 numerorum
664 893 745 970 vim,
766 913 828 978 qua
847 893 992 977 ipsorum
1010 894 1117 977 lingua
1132 894 1202 978 pol·

162 993 237 1072 leat,
258 1013 322 1056 non
333 993 523 1078 percipiant,
545 992 770 1078 lllopstoclsius
784 993 939 1076 adfirmat,
960 995 1203 1081 haudquaquam

164 1114 234 1159 esse
254 1094 448 1174 verendum,
469 1115 567 1180 quum
582 1114 622 1158 ne
634 1095 705 1179 ipss
719 1096 848 1182 quidem
862 1097 1033 1178 Horatius,
1056 1096 1112 1183 qui
1126 1116 1204 1180 poe·

163 1209 211 1259 tes
222 1198 363 1261 Graecos
382 1196 534 1260 imitsndo
550 1209 613 1258 tam
629 1199 794 1280 praeclare
813 1190 1028 1283 expressisset,
1049 1211 1085 1260 ut
1100 1197 1155 1262 vix
1171 1197 1204 1258 in
1229 1262 1232 1267 ,

164 1298 360 1362 imitatorum
378 1319 544 1362 numerum
566 1311 651 1362 esset
670 1297 859 1363 referendus
893 1303 1126 1384 (ltaclaolsmer,
1145 1309 1206 1365 wie

28 1468 31 1473 .
164 1410 360 1469 Noclsotmer
382 1410 470 1468 nicht
488 1406 598 1485 smel),
631 1420 743 1464 somno
772 1422 827 1464 eos
856 1415 1008 1465 excutere
1037 1401 1204 1486 potuisset.
1254 1456 1262 1487 ·,
1291 1422 1298 1455 ³

125 1520 128 1525 ·
165 1504 281 1567 Poetae
303 1506 535 1568 Germanorum
556 1506 646 1584 [Der
667 1511 798 1568 Dichter
817 1513 872 1568 des
891 1508 1047 1588 ltlsea'ns),
1075 1503 1119 1567 ait
1138 1516 1206 1567 tan·
1247 1488 1253 1509 ³

167 1604 259 1684 dem,
279 1606 342 1668 iam
362 1605 417 1669 diu
438 1604 567 1690 quidem
588 1605 655 1688 ipsa
677 1617 789 1667 natura
811 1604 893 1668 duce
915 1606 948 1666 in
969 1592 1121 1688 gravibus
1139 1604 1204 1668 suis

166 1709 333 1794 plenisque
355 1707 546 1772 carminibus
576 1726 743 1769 numerum
766 1705 923 1790 quendam
947 1707 1105 1787 tenuisse,
1137 1726 1207 1770 cer·

167 1824 215 1877 tas
236 1825 341 1876 autem
363 1810 590 1896 definitasque,
609 1831 688 1896 quas
708 1794 937 1895 sequerentur,
957 1809 1045 1893 leges
1064 1810 1206 1895 nondum

168 1916 374 2000 proposuisse
404 1913 677 1996 constituisseque.
726 1912 882 1975 Tenebris
913 1914 997 1976 enim
1018 1919 1150 1980 Aubend
1162 1917 1206 1998 ¹),
1252 1982 1256 1987 ,

169 2017 225 2101 qui
246 2017 324 2079 deus
343 2017 432 2101 quasi
456 2015 556 2096 (baud
571 2034 662 2093 vero,
683 2015 770 2099 quod
785 2014 928 2076 nonnulli
941 2016 1063 2095 volunt,
1085 2016 1158 2099 dea)
1171 2018 1205 2097 2)

169 2118 415 2203 slllopstooltio
444 2115 570 2180 numeri
598 2116 719 2200 poetici
746 2136 816 2179 esse
844 2114 993 2201 fingitur,
1022 2116 1207 2201 scipionem,

170 2241 234 2306 quo
255 2221 346 2285 illum
366 2234 511 2305 regeret,
532 2219 735 2282 abscondisse
757 2219 819 2303 (sio
839 2220 923 2281 enim
943 2231 1011 2285 sein
1023 2229 1132 2285 Maces
1152 2241 1207 2283 ex·
1277 2240 1281 2247 ’

170 2320 370 2404 plicandum,
401 2342 601 2406 nequaquam
622 2340 702 2384 vcro
723 2317 764 2386 rb
785 2331 853 2385 sein
873 2321 913 2383 ad
931 2332 987 2386 der
1006 2330 1135 2387 Dichter
1153 2331 1208 2387 des

169 2429 287 2487 Metus
311 2420 516 2484 referendum
544 2422 627 2502 est),
660 2420 704 2482 ita
731 2432 767 2481 ut
793 2421 856 2482 illis
885 2440 949 2484 non
978 2422 1039 2484 nisi
1067 2436 1209 2497 extrema

171 2522 239 2587 eius
265 2543 340 2606 pars
369 2523 547 2606 adpareret.
599 2520 645 2595 Se
671 2541 750 2584 vero
778 2521 952 2605 scipionem
980 2521 1065 2585 hunc
1092 2524 1207 2586 clarius

171 2622 345 2708 fulgentem
366 2623 586 2706 conspexisse,
617 2640 652 2685 se
670 2642 875 2685 numerorum
895 2624 982 2708 leges
1003 2623 1208 2709 investigasse

52 2792 60 2803 ,
172 2724 413 2810 accuratiusque
435 2726 637 2808 exposuisse,
658 2745 693 2791 ss
713 2715 811 2808 igitur
827 2725 957 2809 dignum
978 2746 1065 2806 esse,
1086 2727 1143 2813 qui
1155 2747 1209 2789 ro-

173 2828 214 2891 sis
238 2829 320 2894 valle
341 2830 461 2891 Sarona
483 2829 581 2907 natis,
600 2826 799 2914 floribusque
822 2849 840 2890 e
862 2843 1014 2914 querceto
1027 2830 1141 2892 Bardis
1161 2852 1210 2893 sa·

174 2944 280 3013 erato,
301 2934 438 3018 aBraga
459 2918 626 3015 poctarum
648 2931 709 2994 deo
728 2932 789 2993 sibi
810 2933 911 2995 allatis
932 2932 1046 2996 stillis
1067 2932 1210 2996 intexen-

136 3068 139 3073 ·
173 3033 222 3096 dis
243 3037 378 3115 [Wiode
398 3043 468 3099 dicis
487 3043 587 3101 duret
606 3041 716 3101 Blume
731 3045 786 3101 des
804 3038 944 3117 Heius),
967 3047 1185 3097 coronaretur.

154 3320 157 3325 q
176 3262 230 3301 von
247 3245 353 3300 sum
370 3246 495 3300 vorsus
512 3247 610 3317 span
626 3245 670 3301 su
686 3247 738 3301 rut
748 3211 801 3301 sn
820 3245 930 3301 esunt
947 3247 1059 3302 uum.
1078 3246 1208 3305 suusne

176 3335 198 3388 1.
212 3353 236 3389 c.
254 3353 281 3405 p.
298 3337 341 3392 lt.

243 3425 276 3486 1)
303 3424 424 3479 Alllsead.
466 3425 541 3491 „Bai
558 3442 659 3485 unsern
677 3426 762 3481 Alton
779 3427 857 3481 rollo
880 3428 1034 3485 Hermonis
1059 3430 1133 3486 eines
1152 3431 1209 3488 Ga-

177 3511 312 3568 sicutne
346 3511 457 3582 Klopst,

241 3600 273 3695 ξ)
295 3599 472 3670 Intelligitnr
494 3601 757 3669 beronomine,
785 3604 828 3658 die
848 3605 957 3660 Baedro
980 3606 1129 3678 inscripto,
1158 3608 1209 3663 ubl

196 3706 211 3745 o

178 3710 193 3760 P
212 3698 346 3837 etlaslcbt
361 3779 472 3853 springs
488 3798 538 3846 or,
557 3782 667 3850 inquit,
686 3781 730 3835 eiu
749 3781 868 3849 Genius,
887 3786 945 3850 ani,

279 3868 373 3939 spicit
392 3885 438 3923 sm
456 3869 570 3940 Sprosss
589 3872 637 3924 des
654 3869 855 3924 Eichenbsiosl

314 3960 374 4012 Bere
387 3960 504 4013 Autenti
522 3959 591 4029 geht
607 3958 666 4012 sein
683 3959 781 4030 Gurg!
799 3959 891 4014 seinse
906 3959 1001 4014 Tritts
1019 3959 1080 4013 'l'ou

347 4046 460 4102 Rlosolt
476 4048 581 4115 daber,
599 4047 654 4103 wis
671 4049 721 4103 der
731 4049 827 4116 llucb,
844 4050 960 4106 ramebt
975 4050 1208 4106 sinuessanus.

583 4172 785 4201 Φ*
