<?xml version="1.0" encoding="UTF-8"?>
<!DOCTYPE html PUBLIC "-//W3C//DTD XHTML 1.0 Transitional//EN"
    "http://www.w3.org/TR/xhtml1/DTD/xhtml1-transitional.dtd">
<html xmlns="http://www.w3.org/1999/xhtml" xml:lang="en" lang="en">
 <head>
  <title>
</title>
<meta http-equiv="Content-Type" content="text/html;charset=utf-8" />
  <meta name='ocr-system' content='tesseract 3.04.00' />
  <meta name='ocr-capabilities' content='ocr_page ocr_carea ocr_par ocr_line ocrx_word'/>
</head>
<body>
  <div class='ocr_page' id='page_1' title='image "./carfrchrwagneri00wagngoog_0168.png"; bbox 0 0 2616 4814; ppageno 0'>
   <div class='ocr_carea' id='block_1_1' title="bbox 170 424 1056 496">
    <p class='ocr_par' dir='ltr' id='par_1_1' title="bbox 170 424 1056 496">
     <span class='ocr_line' id='line_1_1' title="bbox 170 424 1056 496; baseline -0.006 -13"><span class='ocrx_word' id='word_1_1' title='bbox 170 425 233 483; x_wconf 71' lang='lat'><strong>&#39;126</strong></span> <span class='ocrx_word' id='word_1_2' title='bbox 338 425 373 480; x_wconf 80' lang='lat' dir='ltr'><strong>V.</strong></span> <span class='ocrx_word' id='word_1_3' title='bbox 405 427 447 480; x_wconf 84' lang='lat' dir='ltr'><strong>De</strong></span> <span class='ocrx_word' id='word_1_4' title='bbox 460 426 582 496; x_wconf 72' lang='lat' dir='ltr'><strong>partium</strong></span> <span class='ocrx_word' id='word_1_5' title='bbox 600 425 730 481; x_wconf 73' lang='lat' dir='ltr'><strong>emtionis</strong></span> <span class='ocrx_word' id='word_1_6' title='bbox 746 424 834 478; x_wconf 79' lang='lat' dir='ltr'><strong>indole</strong></span> <span class='ocrx_word' id='word_1_7' title='bbox 850 432 930 495; x_wconf 80' lang='lat' dir='ltr'><strong>atque</strong></span> <span class='ocrx_word' id='word_1_8' title='bbox 947 431 1056 480; x_wconf 76' lang='lat' dir='ltr'><strong>saturn</strong></span> 
     </span>
    </p>
   </div>
   <div class='ocr_carea' id='block_1_2' title="bbox 115 588 1281 2621">
    <p class='ocr_par' dir='ltr' id='par_1_2' title="bbox 115 588 1281 2621">
     <span class='ocr_line' id='line_1_2' title="bbox 179 588 1214 679; baseline -0.006 -26"><span class='ocrx_word' id='word_1_9' title='bbox 179 593 255 679; x_wconf 81' lang='lat' dir='ltr'><strong>quia</strong></span> <span class='ocrx_word' id='word_1_10' title='bbox 275 611 303 654; x_wconf 89' lang='lat' dir='ltr'><strong>e.</strong></span> <span class='ocrx_word' id='word_1_11' title='bbox 317 611 347 676; x_wconf 79' lang='lat' dir='ltr'><strong>g.</strong></span> <span class='ocrx_word' id='word_1_12' title='bbox 368 590 450 653; x_wconf 85' lang='lat' dir='ltr'><strong>actio</strong></span> <span class='ocrx_word' id='word_1_13' title='bbox 470 610 551 654; x_wconf 82' lang='lat' dir='ltr'><strong>voce</strong></span> <span class='ocrx_word' id='word_1_14' title='bbox 573 598 706 657; x_wconf 81' lang='lat' dir='ltr'><strong>scribere</strong></span> <span class='ocrx_word' id='word_1_15' title='bbox 726 610 875 676; x_wconf 86' lang='lat' dir='ltr'><strong>expressa</strong></span> <span class='ocrx_word' id='word_1_16' title='bbox 895 611 957 652; x_wconf 91' lang='lat' dir='ltr'><strong>non</strong></span> <span class='ocrx_word' id='word_1_17' title='bbox 977 589 1079 652; x_wconf 87' lang='lat' dir='ltr'><strong>minus</strong></span> <span class='ocrx_word' id='word_1_18' title='bbox 1095 588 1128 649; x_wconf 87' lang='lat' dir='ltr'><strong>in</strong></span> <span class='ocrx_word' id='word_1_19' title='bbox 1144 606 1214 648; x_wconf 89' lang='lat' dir='ltr'><strong>son·</strong></span> 
     </span>
     <span class='ocr_line' id='line_1_3' title="bbox 172 690 1215 778; baseline -0.008 -20"><span class='ocrx_word' id='word_1_20' title='bbox 172 716 249 758; x_wconf 81' lang='lat' dir='ltr'><strong>sum</strong></span> <span class='ocrx_word' id='word_1_21' title='bbox 269 692 419 771; x_wconf 78' lang='lat' dir='ltr'>incurrit,</span> <span class='ocrx_word' id='word_1_22' title='bbox 440 714 533 776; x_wconf 89' lang='lat' dir='ltr'><strong>quam</strong></span> <span class='ocrx_word' id='word_1_23' title='bbox 553 691 626 773; x_wconf 89' lang='lat' dir='ltr'><strong>ille,</strong></span> <span class='ocrx_word' id='word_1_24' title='bbox 648 694 704 778; x_wconf 85' lang='lat' dir='ltr'><strong>qui</strong></span> <span class='ocrx_word' id='word_1_25' title='bbox 725 693 845 757; x_wconf 84' lang='lat' dir='ltr'><strong>scribit.</strong></span> <span class='ocrx_word' id='word_1_26' title='bbox 888 690 1215 778; x_wconf 79' lang='lat' dir='ltr'><strong>Haudquaquam&#39;igi·</strong></span> 
     </span>
     <span class='ocr_line' id='line_1_4' title="bbox 172 795 1215 879; baseline -0.008 -17"><span class='ocrx_word' id='word_1_27' title='bbox 172 809 317 875; x_wconf 51' lang='lat' dir='ltr'><strong>*tur‘est,</strong></span> <span class='ocrx_word' id='word_1_28' title='bbox 339 795 607 879; x_wconf 81' lang='lat' dir='ltr'><strong>quodmiremur,</strong></span> <span class='ocrx_word' id='word_1_29' title='bbox 628 808 704 879; x_wconf 87' lang='lat' dir='ltr'><strong>post</strong></span> <span class='ocrx_word' id='word_1_30' title='bbox 723 796 803 859; x_wconf 87' lang='lat' dir='ltr'><strong>haec</strong></span> <span class='ocrx_word' id='word_1_31' title='bbox 822 795 921 860; x_wconf 81' lang='lat' dir='ltr'><strong>verba</strong></span> <span class='ocrx_word' id='word_1_32' title='bbox 944 796 1215 858; x_wconf 72' lang='lat' dir='ltr'>constructionem</span> 
     </span>
     <span class='ocr_line' id='line_1_5' title="bbox 172 894 1214 976; baseline -0.005 -14"><span class='ocrx_word' id='word_1_33' title='bbox 172 894 265 962; x_wconf 82' lang='lat' dir='ltr'><strong>illam</strong></span> <span class='ocrx_word' id='word_1_34' title='bbox 286 898 457 961; x_wconf 82' lang='lat' dir='ltr'><strong>accusativi</strong></span> <span class='ocrx_word' id='word_1_35' title='bbox 478 920 549 960; x_wconf 90' lang='lat' dir='ltr'><strong>cum</strong></span> <span class='ocrx_word' id='word_1_36' title='bbox 571 895 726 962; x_wconf 82' lang='lat' dir='ltr'><strong>infinitivo</strong></span> <span class='ocrx_word' id='word_1_37' title='bbox 746 921 816 962; x_wconf 88' lang='lat' dir='ltr'><strong>esse</strong></span> <span class='ocrx_word' id='word_1_38' title='bbox 829 899 1017 976; x_wconf 81' lang='lat' dir='ltr'><strong>adbibitam3</strong></span> <span class='ocrx_word' id='word_1_39' title='bbox 1039 898 1118 960; x_wconf 89' lang='lat' dir='ltr'><strong>haec</strong></span> <span class='ocrx_word' id='word_1_40' title='bbox 1133 916 1214 958; x_wconf 86' lang='lat' dir='ltr'><strong>voro</strong></span> 
     </span>
     <span class='ocr_line' id='line_1_6' title="bbox 176 1001 1216 1085; baseline -0.006 -17"><span class='ocrx_word' id='word_1_41' title='bbox 176 1003 351 1068; x_wconf 80' lang='lat' dir='ltr'><strong>verborum</strong></span> <span class='ocrx_word' id='word_1_42' title='bbox 373 1014 531 1064; x_wconf 78' lang='lat' dir='ltr'><strong>structura</strong></span> <span class='ocrx_word' id='word_1_43' title='bbox 560 1023 657 1085; x_wconf 89' lang='lat' dir='ltr'><strong>quom</strong></span> <span class='ocrx_word' id='word_1_44' title='bbox 678 1003 775 1063; x_wconf 88' lang='lat' dir='ltr'><strong>semel</strong></span> <span class='ocrx_word' id='word_1_45' title='bbox 798 1014 881 1064; x_wconf 89' lang='lat' dir='ltr'><strong>esset</strong></span> <span class='ocrx_word' id='word_1_46' title='bbox 910 1002 941 1062; x_wconf 92' lang='lat' dir='ltr'><strong>in</strong></span> <span class='ocrx_word' id='word_1_47' title='bbox 972 1002 1092 1084; x_wconf 80' lang='lat' dir='ltr'>linguas</span> <span class='ocrx_word' id='word_1_48' title='bbox 1115 1001 1216 1062; x_wconf 88' lang='lat' dir='ltr'><strong>intro·</strong></span> 
     </span>
     <span class='ocr_line' id='line_1_7' title="bbox 175 1103 1215 1188; baseline -0.005 -20"><span class='ocrx_word' id='word_1_49' title='bbox 175 1106 289 1183; x_wconf 88' lang='lat' dir='ltr'><strong>ducta,</strong></span> <span class='ocrx_word' id='word_1_50' title='bbox 323 1104 389 1166; x_wconf 88' lang='lat' dir='ltr'><strong>eius</strong></span> <span class='ocrx_word' id='word_1_51' title='bbox 409 1105 510 1182; x_wconf 87' lang='lat' dir='ltr'><strong>ratio,</strong></span> <span class='ocrx_word' id='word_1_52' title='bbox 543 1104 570 1165; x_wconf 90' lang='lat' dir='ltr'><strong>si</strong></span> <span class='ocrx_word' id='word_1_53' title='bbox 592 1104 713 1166; x_wconf 83' lang='lat' dir='ltr'><strong>indoles</strong></span> <span class='ocrx_word' id='word_1_54' title='bbox 736 1118 910 1188; x_wconf 87' lang='lat' dir='ltr'><strong>naturaque</strong></span> <span class='ocrx_word' id='word_1_55' title='bbox 932 1103 1057 1187; x_wconf 80' lang='lat' dir='ltr'><strong>linguas</strong></span> <span class='ocrx_word' id='word_1_56' title='bbox 1081 1103 1215 1163; x_wconf 92' lang='lat' dir='ltr'><strong>illinon</strong></span> 
     </span>
     <span class='ocr_line' id='line_1_8' title="bbox 175 1204 1255 1290; baseline -0.006 -20"><span class='ocrx_word' id='word_1_57' title='bbox 175 1207 441 1285; x_wconf 78' lang='lat' dir='ltr'><strong>adversabantur,</strong></span> <span class='ocrx_word' id='word_1_58' title='bbox 467 1205 617 1269; x_wconf 79' lang='lat' dir='ltr'><strong>facillime</strong></span> <span class='ocrx_word' id='word_1_59' title='bbox 638 1207 730 1269; x_wconf 88' lang='lat' dir='ltr'><strong>latius</strong></span> <span class='ocrx_word' id='word_1_60' title='bbox 751 1221 879 1290; x_wconf 85' lang='lat' dir='ltr'><strong>patere,</strong></span> <span class='ocrx_word' id='word_1_61' title='bbox 907 1206 1038 1290; x_wconf 83' lang='lat' dir='ltr'><strong>ipsaque</strong></span> <span class='ocrx_word' id='word_1_62' title='bbox 1061 1204 1105 1265; x_wconf 90' lang='lat' dir='ltr'><strong>ibi</strong></span> <span class='ocrx_word' id='word_1_63' title='bbox 1127 1204 1217 1265; x_wconf 85' lang='lat' dir='ltr'><strong>adhi·</strong></span> <span class='ocrx_word' id='word_1_64' title='bbox 1252 1247 1255 1254; x_wconf 88' lang='lat'>-</span> 
     </span>
     <span class='ocr_line' id='line_1_9' title="bbox 172 1307 1215 1394; baseline -0.005 -21"><span class='ocrx_word' id='word_1_65' title='bbox 172 1307 247 1372; x_wconf 77' lang='lat' dir='ltr'><strong>beri</strong></span> <span class='ocrx_word' id='word_1_66' title='bbox 266 1309 389 1392; x_wconf 85' lang='lat' dir='ltr'><strong>potuit,</strong></span> <span class='ocrx_word' id='word_1_67' title='bbox 422 1308 477 1369; x_wconf 91' lang='lat' dir='ltr'><strong>ubi</strong></span> <span class='ocrx_word' id='word_1_68' title='bbox 499 1310 630 1393; x_wconf 82' lang='lat' dir='ltr'><strong>vestigia</strong></span> <span class='ocrx_word' id='word_1_69' title='bbox 653 1310 720 1373; x_wconf 88' lang='lat' dir='ltr'><strong>eius</strong></span> <span class='ocrx_word' id='word_1_70' title='bbox 749 1309 879 1394; x_wconf 82' lang='lat' dir='ltr'><strong>originis</strong></span> <span class='ocrx_word' id='word_1_71' title='bbox 901 1330 1032 1393; x_wconf 87' lang='lat' dir='ltr'><strong>prorsus</strong></span> <span class='ocrx_word' id='word_1_72' title='bbox 1053 1309 1138 1370; x_wconf 91' lang='lat' dir='ltr'><strong>nulla</strong></span> <span class='ocrx_word' id='word_1_73' title='bbox 1161 1307 1215 1368; x_wconf 92' lang='lat' dir='ltr'><strong>ad-</strong></span> 
     </span>
     <span class='ocr_line' id='line_1_10' title="bbox 174 1411 1215 1499; baseline -0.005 -25"><span class='ocrx_word' id='word_1_74' title='bbox 174 1423 306 1496; x_wconf 84' lang='lat' dir='ltr'><strong>parent,</strong></span> <span class='ocrx_word' id='word_1_75' title='bbox 328 1424 361 1474; x_wconf 88' lang='lat' dir='ltr'><strong>ct</strong></span> <span class='ocrx_word' id='word_1_76' title='bbox 381 1411 412 1473; x_wconf 92' lang='lat' dir='ltr'><strong>in</strong></span> <span class='ocrx_word' id='word_1_77' title='bbox 436 1413 504 1473; x_wconf 89' lang='lat' dir='ltr'><strong>aliis</strong></span> <span class='ocrx_word' id='word_1_78' title='bbox 525 1413 658 1498; x_wconf 83' lang='lat' dir='ltr'><strong>linguis,</strong></span> <span class='ocrx_word' id='word_1_79' title='bbox 680 1435 708 1475; x_wconf 87' lang='lat' dir='ltr'><strong>e.</strong></span> <span class='ocrx_word' id='word_1_80' title='bbox 729 1434 759 1496; x_wconf 78' lang='lat' dir='ltr'><strong>g.</strong></span> <span class='ocrx_word' id='word_1_81' title='bbox 781 1414 812 1474; x_wconf 92' lang='lat' dir='ltr'><strong>in</strong></span> <span class='ocrx_word' id='word_1_82' title='bbox 836 1412 1040 1484; x_wconf 83' lang='lat' dir='ltr'><strong>Germanica,</strong></span> <span class='ocrx_word' id='word_1_83' title='bbox 1064 1424 1215 1499; x_wconf 82' lang='lat' dir='ltr'><strong>utsupra</strong></span> 
     </span>
     <span class='ocr_line' id='line_1_11' title="bbox 173 1513 1216 1598; baseline -0.003 -21"><span class='ocrx_word' id='word_1_84' title='bbox 173 1513 329 1593; x_wconf 76' lang='lat' dir='ltr'><strong>vidimus,</strong></span> <span class='ocrx_word' id='word_1_85' title='bbox 362 1513 574 1577; x_wconf 80' lang='lat' dir='ltr'><strong>nominativus</strong></span> <span class='ocrx_word' id='word_1_86' title='bbox 604 1536 675 1577; x_wconf 91' lang='lat' dir='ltr'><strong>cum</strong></span> <span class='ocrx_word' id='word_1_87' title='bbox 705 1513 861 1575; x_wconf 83' lang='lat' dir='ltr'><strong>infinitivo</strong></span> <span class='ocrx_word' id='word_1_88' title='bbox 889 1513 967 1598; x_wconf 86' lang='lat' dir='ltr'><strong>poni</strong></span> <span class='ocrx_word' id='word_1_89' title='bbox 998 1513 1103 1576; x_wconf 86' lang='lat' dir='ltr'><strong>debet.</strong></span> <span class='ocrx_word' id='word_1_90' title='bbox 1158 1513 1216 1574; x_wconf 90' lang='lat' dir='ltr'><strong>llla</strong></span> 
     </span>
     <span class='ocr_line' id='line_1_12' title="bbox 173 1614 1216 1700; baseline -0.002 -21"><span class='ocrx_word' id='word_1_91' title='bbox 173 1635 273 1695; x_wconf 73' lang='lat' dir='ltr'><strong>vero,</strong></span> <span class='ocrx_word' id='word_1_92' title='bbox 296 1637 376 1700; x_wconf 88' lang='lat' dir='ltr'><strong>quae</strong></span> <span class='ocrx_word' id='word_1_93' title='bbox 397 1616 460 1677; x_wconf 88' lang='lat' dir='ltr'><strong>iam</strong></span> <span class='ocrx_word' id='word_1_94' title='bbox 481 1617 666 1695; x_wconf 79' lang='lat' dir='ltr'><strong>adtulimus,</strong></span> <span class='ocrx_word' id='word_1_95' title='bbox 687 1639 750 1679; x_wconf 91' lang='lat' dir='ltr'><strong>non</strong></span> <span class='ocrx_word' id='word_1_96' title='bbox 773 1614 909 1678; x_wconf 87' lang='lat' dir='ltr'><strong>omnino</strong></span> <span class='ocrx_word' id='word_1_97' title='bbox 923 1637 1002 1679; x_wconf 85' lang='lat' dir='ltr'><strong>vana</strong></span> <span class='ocrx_word' id='word_1_98' title='bbox 1026 1634 1111 1693; x_wconf 88' lang='lat' dir='ltr'><strong>esse,</strong></span> <span class='ocrx_word' id='word_1_99' title='bbox 1138 1615 1216 1677; x_wconf 80' lang='lat' dir='ltr'><strong>inde</strong></span> 
     </span>
     <span class='ocr_line' id='line_1_13' title="bbox 144 1719 1215 1806; baseline -0.004 -26"><span class='ocrx_word' id='word_1_100' title='bbox 144 1797 146 1806; x_wconf 33' lang='grc' dir='ltr'>Ι</span> <span class='ocrx_word' id='word_1_101' title='bbox 175 1739 304 1804; x_wconf 89' lang='lat' dir='ltr'><strong>quoque</strong></span> <span class='ocrx_word' id='word_1_102' title='bbox 325 1731 437 1802; x_wconf 87' lang='lat' dir='ltr'><strong>patere</strong></span> <span class='ocrx_word' id='word_1_103' title='bbox 458 1719 603 1799; x_wconf 77' lang='lat' dir='ltr'><strong>ridetur,</strong></span> <span class='ocrx_word' id='word_1_104' title='bbox 624 1721 710 1805; x_wconf 87' lang='lat' dir='ltr'><strong>quod</strong></span> <span class='ocrx_word' id='word_1_105' title='bbox 730 1720 761 1780; x_wconf 91' lang='lat' dir='ltr'><strong>in</strong></span> <span class='ocrx_word' id='word_1_106' title='bbox 785 1720 890 1802; x_wconf 81' lang='lat' dir='ltr'><strong>lingua</strong></span> <span class='ocrx_word' id='word_1_107' title='bbox 906 1720 1028 1780; x_wconf 84' lang='lat' dir='ltr'><strong>Graeca</strong></span> <span class='ocrx_word' id='word_1_108' title='bbox 1047 1728 1120 1800; x_wconf 88' lang='lat' dir='ltr'><strong>post</strong></span> <span class='ocrx_word' id='word_1_109' title='bbox 1136 1736 1215 1777; x_wconf 92' lang='lat' dir='ltr'><strong>non-</strong></span> 
     </span>
     <span class='ocr_line' id='line_1_14' title="bbox 172 1818 1215 1907; baseline -0.002 -26"><span class='ocrx_word' id='word_1_110' title='bbox 172 1818 261 1883; x_wconf 86' lang='lat' dir='ltr'><strong>nulla</strong></span> <span class='ocrx_word' id='word_1_111' title='bbox 280 1841 429 1883; x_wconf 88' lang='lat' dir='ltr'><strong>sensuum</strong></span> <span class='ocrx_word' id='word_1_112' title='bbox 452 1822 562 1901; x_wconf 87' lang='lat' dir='ltr'><strong>verba,</strong></span> <span class='ocrx_word' id='word_1_113' title='bbox 584 1842 665 1907; x_wconf 88' lang='lat' dir='ltr'><strong>quae</strong></span> <span class='ocrx_word' id='word_1_114' title='bbox 686 1821 861 1906; x_wconf 79' lang='lat' dir='ltr'><strong>genitivum</strong></span> <span class='ocrx_word' id='word_1_115' title='bbox 883 1820 1069 1897; x_wconf 86' lang='lat' dir='ltr'><strong>adsciscunt,</strong></span> <span class='ocrx_word' id='word_1_116' title='bbox 1092 1818 1145 1880; x_wconf 90' lang='lat' dir='ltr'><strong>hic</strong></span> <span class='ocrx_word' id='word_1_117' title='bbox 1164 1836 1215 1880; x_wconf 81' lang='lat' dir='ltr'><strong>ca&#39;·</strong></span> 
     </span>
     <span class='ocr_line' id='line_1_15' title="bbox 173 1920 1216 2010; baseline -0.004 -24"><span class='ocrx_word' id='word_1_118' title='bbox 173 1944 226 1987; x_wconf 87' lang='lat' dir='ltr'><strong>sus</strong></span> <span class='ocrx_word' id='word_1_119' title='bbox 246 1923 417 2007; x_wconf 86' lang='lat' dir='ltr'><strong>participio</strong></span> <span class='ocrx_word' id='word_1_120' title='bbox 446 1923 571 2010; x_wconf 82' lang='lat' dir='ltr'><strong>iunctus</strong></span> <span class='ocrx_word' id='word_1_121' title='bbox 600 1923 777 1986; x_wconf 84' lang='lat' dir='ltr'><strong>accusativo</strong></span> <span class='ocrx_word' id='word_1_122' title='bbox 807 1943 879 1983; x_wconf 87' lang='lat' dir='ltr'><strong>cum</strong></span> <span class='ocrx_word' id='word_1_123' title='bbox 908 1920 1063 1984; x_wconf 86' lang='lat' dir='ltr'><strong>inlinitivo</strong></span> <span class='ocrx_word' id='word_1_124' title='bbox 1085 1921 1216 1984; x_wconf 89' lang='lat' dir='ltr'><strong>Latino·</strong></span> 
     </span>
     <span class='ocr_line' id='line_1_16' title="bbox 170 2017 1215 2115; baseline 0.002 -26"><span class='ocrx_word' id='word_1_125' title='bbox 170 2044 244 2089; x_wconf 83' lang='lat' dir='ltr'><strong>rum</strong></span> <span class='ocrx_word' id='word_1_126' title='bbox 265 2026 359 2109; x_wconf 84' lang='lat' dir='ltr'><strong>plane</strong></span> <span class='ocrx_word' id='word_1_127' title='bbox 380 2027 573 2109; x_wconf 85' lang='lat' dir='ltr'><strong>respondet,</strong></span> <span class='ocrx_word' id='word_1_128' title='bbox 610 2041 642 2088; x_wconf 80' lang='lat' dir='ltr'><strong>a·</strong></span> <span class='ocrx_word' id='word_1_129' title='bbox 659 2047 692 2111; x_wconf 80' lang='lat' dir='ltr'><strong>g.·</strong></span> <span class='ocrx_word' id='word_1_130' title='bbox 711 2020 843 2115; x_wconf 71' lang='grc' dir='ltr'><strong><em>ἥκουσα</em></strong></span> <span class='ocrx_word' id='word_1_131' title='bbox 865 2023 898 2090; x_wconf 81' lang='grc' dir='ltr'><strong>δέ</strong></span> <span class='ocrx_word' id='word_1_132' title='bbox 919 2048 1004 2091; x_wconf 78' lang='grc' dir='ltr'><em>ποτε</em></span> <span class='ocrx_word' id='word_1_133' title='bbox 1025 2017 1132 2091; x_wconf 78' lang='grc' dir='ltr'>αὑτοῦ</span> <span class='ocrx_word' id='word_1_134' title='bbox 1157 2025 1215 2091; x_wconf 80' lang='lat' dir='ltr'><strong>ael</strong></span> 
     </span>
     <span class='ocr_line' id='line_1_17' title="bbox 170 2124 1143 2219; baseline 0 -24"><span class='ocrx_word' id='word_1_135' title='bbox 170 2124 245 2219; x_wconf 73' lang='grc' dir='ltr'><strong>περὶ</strong></span> <span class='ocrx_word' id='word_1_136' title='bbox 268 2127 380 2212; x_wconf 82' lang='grc' dir='ltr'>φίλων</span> <span class='ocrx_word' id='word_1_137' title='bbox 403 2127 655 2215; x_wconf 77' lang='grc' dir='ltr'>διαλεγομένου.</span> <span class='ocrx_word' id='word_1_138' title='bbox 1141 2208 1143 2211; x_wconf 17' lang='lat'>¹</span> 
     </span>
     <span class='ocr_line' id='line_1_18' title="bbox 253 2225 1214 2315; baseline -0.002 -23"><span class='ocrx_word' id='word_1_139' title='bbox 253 2228 499 2293; x_wconf 83' lang='lat' dir='ltr'><strong>Adfirmavimus</strong></span> <span class='ocrx_word' id='word_1_140' title='bbox 521 2231 668 2315; x_wconf 88' lang='lat' dir='ltr'><strong>quidem,</strong></span> <span class='ocrx_word' id='word_1_141' title='bbox 690 2230 867 2292; x_wconf 87' lang='lat' dir='ltr'><strong>subiectum</strong></span> <span class='ocrx_word' id='word_1_142' title='bbox 888 2225 1109 2290; x_wconf 87' lang='lat' dir='ltr'><strong>enuntiationis</strong></span> <span class='ocrx_word' id='word_1_143' title='bbox 1132 2249 1214 2290; x_wconf 90' lang='lat' dir='ltr'><strong>sem·</strong></span> 
     </span>
     <span class='ocr_line' id='line_1_19' title="bbox 169 2330 1281 2417; baseline -0.001 -22"><span class='ocrx_word' id='word_1_144' title='bbox 169 2351 230 2417; x_wconf 82' lang='lat' dir='ltr'><strong>per</strong></span> <span class='ocrx_word' id='word_1_145' title='bbox 256 2331 451 2393; x_wconf 86' lang='lat' dir='ltr'><strong>nominativo</strong></span> <span class='ocrx_word' id='word_1_146' title='bbox 481 2331 593 2392; x_wconf 79' lang='lat' dir='ltr'><strong>offerri</strong></span> <span class='ocrx_word' id='word_1_147' title='bbox 622 2351 712 2410; x_wconf 89' lang='lat' dir='ltr'><strong>casu;</strong></span> <span class='ocrx_word' id='word_1_148' title='bbox 757 2344 789 2394; x_wconf 89' lang='lat' dir='ltr'><strong>at</strong></span> <span class='ocrx_word' id='word_1_149' title='bbox 817 2351 896 2393; x_wconf 87' lang='lat' dir='ltr'><strong>vero</strong></span> <span class='ocrx_word' id='word_1_150' title='bbox 919 2330 992 2391; x_wconf 87' lang='lat' dir='ltr'><strong>inde</strong></span> <span class='ocrx_word' id='word_1_151' title='bbox 1015 2350 1123 2393; x_wconf 91' lang='lat' dir='ltr'><strong>omnes</strong></span> <span class='ocrx_word' id='word_1_152' title='bbox 1144 2331 1214 2394; x_wconf 83' lang='lat' dir='ltr'><strong>sore</strong></span> <span class='ocrx_word' id='word_1_153' title='bbox 1279 2351 1281 2357; x_wconf 77' lang='grc'>’</span> 
     </span>
     <span class='ocr_line' id='line_1_20' title="bbox 170 2432 1215 2518; baseline 0.002 -23"><span class='ocrx_word' id='word_1_154' title='bbox 170 2454 223 2495; x_wconf 86' lang='lat' dir='ltr'><strong>eas</strong></span> <span class='ocrx_word' id='word_1_155' title='bbox 245 2432 447 2515; x_wconf 85' lang='lat' dir='ltr'><strong>excipiendas</strong></span> <span class='ocrx_word' id='word_1_156' title='bbox 469 2454 539 2495; x_wconf 91' lang='lat' dir='ltr'><strong>esse</strong></span> <span class='ocrx_word' id='word_1_157' title='bbox 561 2433 739 2511; x_wconf 78' lang='lat' dir='ltr'><strong>sententias,</strong></span> <span class='ocrx_word' id='word_1_158' title='bbox 760 2433 792 2494; x_wconf 90' lang='lat' dir='ltr'><strong>in</strong></span> <span class='ocrx_word' id='word_1_159' title='bbox 816 2432 930 2518; x_wconf 88' lang='lat' dir='ltr'><strong>quibus</strong></span> <span class='ocrx_word' id='word_1_160' title='bbox 944 2432 1123 2497; x_wconf 84' lang='lat' dir='ltr'><strong>infinitivus</strong></span> <span class='ocrx_word' id='word_1_161' title='bbox 1141 2457 1215 2497; x_wconf 83' lang='lat' dir='ltr'><strong>ver·</strong></span> 
     </span>
     <span class='ocr_line' id='line_1_21' title="bbox 115 2514 1214 2621; baseline 0.003 -25"><span class='ocrx_word' id='word_1_162' title='bbox 115 2514 125 2531; x_wconf 44' lang='lat'><strong>⁹</strong></span> <span class='ocrx_word' id='word_1_163' title='bbox 169 2533 204 2597; x_wconf 85' lang='lat' dir='ltr'><strong>bi</strong></span> <span class='ocrx_word' id='word_1_164' title='bbox 225 2532 305 2594; x_wconf 86' lang='lat' dir='ltr'><strong>finiti</strong></span> <span class='ocrx_word' id='word_1_165' title='bbox 328 2535 434 2595; x_wconf 90' lang='lat' dir='ltr'><strong>locum</strong></span> <span class='ocrx_word' id='word_1_166' title='bbox 457 2534 598 2615; x_wconf 87' lang='lat' dir='ltr'><strong>obtinet,</strong></span> <span class='ocrx_word' id='word_1_167' title='bbox 621 2536 683 2596; x_wconf 91' lang='lat' dir='ltr'><strong>iam</strong></span> <span class='ocrx_word' id='word_1_168' title='bbox 701 2551 742 2597; x_wconf 84' lang='lat' dir='ltr'><strong>&#39;cx</strong></span> <span class='ocrx_word' id='word_1_169' title='bbox 766 2535 830 2614; x_wconf 82' lang='lat' dir='ltr'><strong>eis,</strong></span> <span class='ocrx_word' id='word_1_170' title='bbox 853 2555 933 2620; x_wconf 86' lang='lat' dir='ltr'><strong>quae</strong></span> <span class='ocrx_word' id='word_1_171' title='bbox 954 2532 1050 2597; x_wconf 89' lang='lat' dir='ltr'><strong>modo</strong></span> <span class='ocrx_word' id='word_1_172' title='bbox 1074 2537 1214 2621; x_wconf 86' lang='lat' dir='ltr'><strong>disputa·</strong></span> 
     </span>
    </p>
   </div>
   <div class='ocr_carea' id='block_1_3' title="bbox 53 2633 1214 2724">
    <p class='ocr_par' dir='ltr' id='par_1_3' title="bbox 53 2633 1214 2724">
     <span class='ocr_line' id='line_1_22' title="bbox 53 2633 1214 2724; baseline 0.009 -32"><span class='ocrx_word' id='word_1_173' title='bbox 53 2681 56 2692; x_wconf 95' lang='lat'><em>.</em></span> <span class='ocrx_word' id='word_1_174' title='bbox 92 2657 94 2660; x_wconf 50' lang='lat'><em>⁴</em></span> <span class='ocrx_word' id='word_1_175' title='bbox 168 2636 290 2711; x_wconf 76' lang='lat' dir='ltr'><strong>rimus,</strong></span> <span class='ocrx_word' id='word_1_176' title='bbox 311 2633 513 2697; x_wconf 83' lang='lat' dir='ltr'><strong>manifestum</strong></span> <span class='ocrx_word' id='word_1_177' title='bbox 536 2649 592 2698; x_wconf 88' lang='lat' dir='ltr'><strong>est.</strong></span> <span class='ocrx_word' id='word_1_178' title='bbox 635 2640 708 2700; x_wconf 90' lang='lat' dir='ltr'><strong>Huc</strong></span> <span class='ocrx_word' id='word_1_179' title='bbox 730 2637 884 2700; x_wconf 87' lang='lat' dir='ltr'><strong>accedunt</strong></span> <span class='ocrx_word' id='word_1_180' title='bbox 905 2658 1034 2724; x_wconf 88' lang='lat' dir='ltr'><strong>quoque</strong></span> <span class='ocrx_word' id='word_1_181' title='bbox 1054 2638 1084 2698; x_wconf 93' lang='lat' dir='ltr'><strong>in</strong></span> <span class='ocrx_word' id='word_1_182' title='bbox 1106 2639 1214 2723; x_wconf 76' lang='lat' dir='ltr'><strong>lingua</strong></span> 
     </span>
    </p>
   </div>
   <div class='ocr_carea' id='block_1_4' title="bbox 168 2738 1213 2825">
    <p class='ocr_par' dir='ltr' id='par_1_4' title="bbox 168 2738 1213 2825">
     <span class='ocr_line' id='line_1_23' title="bbox 168 2738 1213 2825; baseline 0.001 -22"><span class='ocrx_word' id='word_1_183' title='bbox 168 2741 298 2803; x_wconf 80' lang='lat' dir='ltr'><strong>Graeca</strong></span> <span class='ocrx_word' id='word_1_184' title='bbox 312 2738 488 2825; x_wconf 78' lang='lat' dir='ltr'><strong>Latinoque</strong></span> <span class='ocrx_word' id='word_1_185' title='bbox 509 2740 583 2802; x_wconf 87' lang='lat' dir='ltr'><strong>illae</strong></span> <span class='ocrx_word' id='word_1_186' title='bbox 606 2741 848 2819; x_wconf 87' lang='lat' dir='ltr'><strong>enuntiationes,</strong></span> <span class='ocrx_word' id='word_1_187' title='bbox 871 2740 902 2801; x_wconf 90' lang='lat' dir='ltr'><strong>in</strong></span> <span class='ocrx_word' id='word_1_188' title='bbox 926 2741 1040 2824; x_wconf 85' lang='lat' dir='ltr'><strong>quibus</strong></span> <span class='ocrx_word' id='word_1_189' title='bbox 1064 2741 1213 2823; x_wconf 90' lang='lat' dir='ltr'><strong>absoluti,</strong></span> 
     </span>
    </p>
   </div>
   <div class='ocr_carea' id='block_1_5' title="bbox 61 2841 1212 2929">
    <p class='ocr_par' dir='ltr' id='par_1_5' title="bbox 61 2841 1212 2929">
     <span class='ocr_line' id='line_1_24' title="bbox 61 2841 1212 2929; baseline 0.002 -24"><span class='ocrx_word' id='word_1_190' title='bbox 61 2880 73 2899; x_wconf 90' lang='lat'><strong>·.</strong></span> <span class='ocrx_word' id='word_1_191' title='bbox 167 2863 249 2929; x_wconf 89' lang='lat' dir='ltr'><strong>quos</strong></span> <span class='ocrx_word' id='word_1_192' title='bbox 269 2854 405 2922; x_wconf 73' lang='lat' dir='ltr'><strong>vocant,</strong></span> <span class='ocrx_word' id='word_1_193' title='bbox 437 2841 627 2927; x_wconf 81' lang='lat' dir='ltr'><strong>adhibentur</strong></span> <span class='ocrx_word' id='word_1_194' title='bbox 648 2863 755 2923; x_wconf 90' lang='lat' dir='ltr'><strong>casus,</strong></span> <span class='ocrx_word' id='word_1_195' title='bbox 779 2843 876 2906; x_wconf 81' lang='lat' dir='ltr'><strong>ouius</strong></span> <span class='ocrx_word' id='word_1_196' title='bbox 898 2843 1026 2929; x_wconf 88' lang='lat' dir='ltr'><strong>quidem</strong></span> <span class='ocrx_word' id='word_1_197' title='bbox 1049 2859 1212 2907; x_wconf 85' lang='lat' dir='ltr'><strong>construc-</strong></span> 
     </span>
    </p>
   </div>
   <div class='ocr_carea' id='block_1_6' title="bbox 137 2939 1291 4053">
    <p class='ocr_par' dir='ltr' id='par_1_6' title="bbox 166 2939 1211 3129">
     <span class='ocr_line' id='line_1_25' title="bbox 166 2939 1211 3028; baseline 0.001 -22"><span class='ocrx_word' id='word_1_198' title='bbox 166 2939 263 3007; x_wconf 87' lang='lat' dir='ltr'><strong>tionis</strong></span> <span class='ocrx_word' id='word_1_199' title='bbox 283 2944 440 3006; x_wconf 83' lang='lat' dir='ltr'><strong>rationem</strong></span> <span class='ocrx_word' id='word_1_200' title='bbox 459 2945 638 3028; x_wconf 86' lang='lat' dir='ltr'><strong>explicandi</strong></span> <span class='ocrx_word' id='word_1_201' title='bbox 653 2968 765 3007; x_wconf 87' lang='lat' dir='ltr'><strong>munus</strong></span> <span class='ocrx_word' id='word_1_202' title='bbox 783 2946 844 3008; x_wconf 90' lang='lat' dir='ltr'><strong>alio</strong></span> <span class='ocrx_word' id='word_1_203' title='bbox 867 2958 1013 3028; x_wconf 86' lang='lat' dir='ltr'><strong>tempore</strong></span> <span class='ocrx_word' id='word_1_204' title='bbox 1033 2943 1125 3005; x_wconf 89' lang='lat' dir='ltr'><strong>nobis</strong></span> <span class='ocrx_word' id='word_1_205' title='bbox 1143 2967 1211 3007; x_wconf 91' lang='lat' dir='ltr'><strong>sus-</strong></span> 
     </span>
     <span class='ocr_line' id='line_1_26' title="bbox 167 3043 822 3129; baseline 0.005 -20"><span class='ocrx_word' id='word_1_206' title='bbox 167 3046 350 3129; x_wconf 85' lang='lat' dir='ltr'><strong>cipiendum</strong></span> <span class='ocrx_word' id='word_1_207' title='bbox 372 3046 443 3108; x_wconf 90' lang='lat' dir='ltr'><strong>erit.</strong></span> <span class='ocrx_word' id='word_1_208' title='bbox 821 3043 822 3047; x_wconf 28' lang='lat'>¹</span> 
     </span>
    </p>

    <p class='ocr_par' dir='ltr' id='par_1_7' title="bbox 137 3145 1291 4053">
     <span class='ocr_line' id='line_1_27' title="bbox 247 3145 1209 3233; baseline 0.001 -23"><span class='ocrx_word' id='word_1_209' title='bbox 247 3151 319 3210; x_wconf 90' lang='lat' dir='ltr'><strong>Non</strong></span> <span class='ocrx_word' id='word_1_210' title='bbox 341 3148 446 3210; x_wconf 90' lang='lat' dir='ltr'><strong>omnia</strong></span> <span class='ocrx_word' id='word_1_211' title='bbox 467 3148 559 3210; x_wconf 88' lang='lat' dir='ltr'><strong>unius</strong></span> <span class='ocrx_word' id='word_1_212' title='bbox 585 3149 789 3233; x_wconf 86' lang='lat' dir='ltr'><strong>eiusdemque</strong></span> <span class='ocrx_word' id='word_1_213' title='bbox 803 3148 929 3230; x_wconf 83' lang='lat' dir='ltr'><strong>linguae</strong></span> <span class='ocrx_word' id='word_1_214' title='bbox 946 3145 1138 3209; x_wconf 85' lang='lat' dir='ltr'><strong>substantiva</strong></span> <span class='ocrx_word' id='word_1_215' title='bbox 1157 3170 1209 3211; x_wconf 92' lang='lat' dir='ltr'><strong>ea·</strong></span> 
     </span>
     <span class='ocr_line' id='line_1_28' title="bbox 166 3240 1291 3329; baseline 0.002 -17"><span class='ocrx_word' id='word_1_216' title='bbox 166 3250 239 3314; x_wconf 88' lang='lat' dir='ltr'><strong>dem</strong></span> <span class='ocrx_word' id='word_1_217' title='bbox 269 3248 441 3313; x_wconf 80' lang='lat' dir='ltr'><strong>flectuntur</strong></span> <span class='ocrx_word' id='word_1_218' title='bbox 469 3252 611 3329; x_wconf 89' lang='lat' dir='ltr'><strong>ratione,</strong></span> <span class='ocrx_word' id='word_1_219' title='bbox 651 3249 706 3312; x_wconf 88' lang='lat' dir='ltr'><strong>sed</strong></span> <span class='ocrx_word' id='word_1_220' title='bbox 735 3249 832 3310; x_wconf 88' lang='lat' dir='ltr'><strong>iidem</strong></span> <span class='ocrx_word' id='word_1_221' title='bbox 861 3269 950 3310; x_wconf 87' lang='lat' dir='ltr'><strong>casus</strong></span> <span class='ocrx_word' id='word_1_222' title='bbox 987 3249 1209 3314; x_wconf 85' lang='lat' dir='ltr'><strong>diversissimis</strong></span> <span class='ocrx_word' id='word_1_223' title='bbox 1289 3240 1291 3243; x_wconf 38' lang='grc'>’</span> 
     </span>
     <span class='ocr_line' id='line_1_29' title="bbox 166 3337 1216 3438; baseline 0.001 -22"><span class='ocrx_word' id='word_1_224' title='bbox 166 3374 262 3436; x_wconf 84' lang='lat' dir='ltr'><strong>saepe</strong></span> <span class='ocrx_word' id='word_1_225' title='bbox 282 3353 413 3415; x_wconf 90' lang='lat' dir='ltr'><strong>ultimae</strong></span> <span class='ocrx_word' id='word_1_226' title='bbox 437 3352 579 3438; x_wconf 87' lang='lat' dir='ltr'><strong>ipsorum</strong></span> <span class='ocrx_word' id='word_1_227' title='bbox 601 3350 740 3434; x_wconf 83' lang='lat' dir='ltr'><strong>syllabae</strong></span> <span class='ocrx_word' id='word_1_228' title='bbox 751 3337 977 3413; x_wconf 87' lang='lat' dir='ltr'><strong>mutationibus</strong></span> <span class='ocrx_word' id='word_1_229' title='bbox 993 3352 1216 3437; x_wconf 72' lang='lat' dir='ltr'><strong>designantur:</strong></span> 
     </span>
     <span class='ocr_line' id='line_1_30' title="bbox 163 3453 1208 3539; baseline 0.003 -24"><span class='ocrx_word' id='word_1_230' title='bbox 163 3455 200 3517; x_wconf 95' lang='lat' dir='ltr'><strong>In</strong></span> <span class='ocrx_word' id='word_1_231' title='bbox 221 3455 329 3516; x_wconf 87' lang='lat' dir='ltr'><strong>multis</strong></span> <span class='ocrx_word' id='word_1_232' title='bbox 351 3475 431 3518; x_wconf 80' lang='lat' dir='ltr'><strong>vero</strong></span> <span class='ocrx_word' id='word_1_233' title='bbox 453 3453 632 3516; x_wconf 89' lang='lat' dir='ltr'><strong>nominibus</strong></span> <span class='ocrx_word' id='word_1_234' title='bbox 655 3453 703 3513; x_wconf 92' lang='lat' dir='ltr'><strong>illi</strong></span> <span class='ocrx_word' id='word_1_235' title='bbox 724 3453 833 3515; x_wconf 89' lang='lat' dir='ltr'><strong>eadem</strong></span> <span class='ocrx_word' id='word_1_236' title='bbox 856 3455 1078 3539; x_wconf 80' lang='lat' dir='ltr'><strong>exprimuntur</strong></span> <span class='ocrx_word' id='word_1_237' title='bbox 1100 3459 1208 3518; x_wconf 88' lang='lat' dir='ltr'><strong>termi-</strong></span> 
     </span>
     <span class='ocr_line' id='line_1_31' title="bbox 162 3556 1209 3644; baseline 0 -22"><span class='ocrx_word' id='word_1_238' title='bbox 162 3560 310 3639; x_wconf 79' lang='lat' dir='ltr'><strong>natione3</strong></span> <span class='ocrx_word' id='word_1_239' title='bbox 342 3580 407 3644; x_wconf 87' lang='lat' dir='ltr'><strong>quo</strong></span> <span class='ocrx_word' id='word_1_240' title='bbox 429 3558 504 3621; x_wconf 83' lang='lat' dir='ltr'><strong>sanc</strong></span> <span class='ocrx_word' id='word_1_241' title='bbox 524 3559 641 3628; x_wconf 80' lang='lat' dir='ltr'><strong>lactum</strong></span> <span class='ocrx_word' id='word_1_242' title='bbox 662 3568 727 3635; x_wconf 86' lang='lat' dir='ltr'><strong>est,</strong></span> <span class='ocrx_word' id='word_1_243' title='bbox 747 3569 784 3618; x_wconf 89' lang='lat' dir='ltr'><strong>ut</strong></span> <span class='ocrx_word' id='word_1_244' title='bbox 804 3557 835 3617; x_wconf 93' lang='lat' dir='ltr'><strong>in</strong></span> <span class='ocrx_word' id='word_1_245' title='bbox 860 3556 905 3619; x_wconf 90' lang='lat' dir='ltr'><strong>eis</strong></span> <span class='ocrx_word' id='word_1_246' title='bbox 926 3557 1059 3641; x_wconf 87' lang='lat' dir='ltr'><strong>linguis,</strong></span> <span class='ocrx_word' id='word_1_247' title='bbox 1083 3557 1115 3619; x_wconf 89' lang='lat' dir='ltr'><strong>in</strong></span> <span class='ocrx_word' id='word_1_248' title='bbox 1138 3562 1209 3644; x_wconf 91' lang='lat' dir='ltr'><strong>qui·</strong></span> 
     </span>
     <span class='ocr_line' id='line_1_32' title="bbox 163 3659 1206 3744; baseline 0.001 -21"><span class='ocrx_word' id='word_1_249' title='bbox 163 3661 223 3723; x_wconf 89' lang='lat' dir='ltr'><strong>bus</strong></span> <span class='ocrx_word' id='word_1_250' title='bbox 239 3662 434 3726; x_wconf 86' lang='lat' dir='ltr'><strong>substantiva</strong></span> <span class='ocrx_word' id='word_1_251' title='bbox 451 3681 512 3744; x_wconf 84' lang='lat' dir='ltr'><strong>per</strong></span> <span class='ocrx_word' id='word_1_252' title='bbox 534 3680 623 3722; x_wconf 89' lang='lat' dir='ltr'><strong>casus</strong></span> <span class='ocrx_word' id='word_1_253' title='bbox 643 3659 832 3739; x_wconf 86' lang='lat' dir='ltr'><strong>flectuntur,</strong></span> <span class='ocrx_word' id='word_1_254' title='bbox 854 3659 964 3743; x_wconf 85' lang='lat' dir='ltr'><strong>plures</strong></span> <span class='ocrx_word' id='word_1_255' title='bbox 980 3661 1206 3724; x_wconf 83' lang='lat' dir='ltr'><strong>declinationes</strong></span> 
     </span>
     <span class='ocr_line' id='line_1_33' title="bbox 137 3761 1206 3848; baseline 0 -20"><span class='ocrx_word' id='word_1_256' title='bbox 137 3777 297 3846; x_wconf 60' lang='lat' dir='ltr'><strong>„exstent</strong></span> <span class='ocrx_word' id='word_1_257' title='bbox 346 3763 404 3827; x_wconf 81' lang='lat' dir='ltr'><strong>illa</strong></span> <span class='ocrx_word' id='word_1_258' title='bbox 433 3762 517 3825; x_wconf 89' lang='lat' dir='ltr'><strong>enim</strong></span> <span class='ocrx_word' id='word_1_259' title='bbox 546 3762 757 3844; x_wconf 88' lang='lat' dir='ltr'><strong>substantiva,</strong></span> <span class='ocrx_word' id='word_1_260' title='bbox 791 3783 928 3848; x_wconf 89' lang='lat' dir='ltr'><strong>quorum</strong></span> <span class='ocrx_word' id='word_1_261' title='bbox 952 3761 1132 3828; x_wconf 86' lang='lat' dir='ltr'><strong>terminatio</strong></span> <span class='ocrx_word' id='word_1_262' title='bbox 1156 3768 1206 3828; x_wconf 91' lang='lat' dir='ltr'><strong>iis·</strong></span> 
     </span>
     <span class='ocr_line' id='line_1_34' title="bbox 164 3852 1207 3949; baseline 0.007 -24"><span class='ocrx_word' id='word_1_263' title='bbox 164 3865 237 3926; x_wconf 90' lang='lat' dir='ltr'><strong>dem</strong></span> <span class='ocrx_word' id='word_1_264' title='bbox 258 3852 485 3928; x_wconf 84' lang='lat' dir='ltr'><strong>mutationibus</strong></span> <span class='ocrx_word' id='word_1_265' title='bbox 507 3863 720 3945; x_wconf 84' lang='lat' dir='ltr'><strong>obnoxiaest,</strong></span> <span class='ocrx_word' id='word_1_266' title='bbox 741 3890 802 3928; x_wconf 87' lang='lat' dir='ltr'><strong>una</strong></span> <span class='ocrx_word' id='word_1_267' title='bbox 817 3865 1132 3949; x_wconf 86' lang='lat' dir='ltr'><strong>comprehenduntur</strong></span> <span class='ocrx_word' id='word_1_268' title='bbox 1152 3870 1207 3932; x_wconf 87' lang='lat' dir='ltr'><strong>de·</strong></span> 
     </span>
     <span class='ocr_line' id='line_1_35' title="bbox 164 3954 1206 4053; baseline 0.006 -25"><span class='ocrx_word' id='word_1_269' title='bbox 164 3965 350 4045; x_wconf 84' lang='lat' dir='ltr'><strong>clinatione3</strong></span> <span class='ocrx_word' id='word_1_270' title='bbox 366 3964 369 3969; x_wconf 77' lang='grc'><em>’</em></span> <span class='ocrx_word' id='word_1_271' title='bbox 386 3954 419 4030; x_wconf 82' lang='lat' dir='ltr'><strong>et</strong></span> <span class='ocrx_word' id='word_1_272' title='bbox 441 3979 520 4051; x_wconf 86' lang='lat' dir='ltr'><strong>quot</strong></span> <span class='ocrx_word' id='word_1_273' title='bbox 540 3967 594 4031; x_wconf 90' lang='lat' dir='ltr'><strong>illa</strong></span> <span class='ocrx_word' id='word_1_274' title='bbox 613 3965 764 4031; x_wconf 80' lang='lat' dir='ltr'><strong>flectendi</strong></span> <span class='ocrx_word' id='word_1_275' title='bbox 784 3968 815 4029; x_wconf 94' lang='lat' dir='ltr'><strong>in</strong></span> <span class='ocrx_word' id='word_1_276' title='bbox 840 3989 967 4052; x_wconf 86' lang='lat' dir='ltr'><strong>quaque</strong></span> <span class='ocrx_word' id='word_1_277' title='bbox 988 3969 1095 4053; x_wconf 83' lang='lat' dir='ltr'><strong>lingua</strong></span> <span class='ocrx_word' id='word_1_278' title='bbox 1118 3972 1206 4034; x_wconf 80' lang='lat' dir='ltr'><strong>inve-</strong></span> 
     </span>
    </p>
   </div>
   <div class='ocr_carea' id='block_1_7' title="bbox 162 4068 1207 4258">
    <p class='ocr_par' dir='ltr' id='par_1_8' title="bbox 162 4068 1207 4258">
     <span class='ocr_line' id='line_1_36' title="bbox 162 4068 1207 4166; baseline 0.008 -37"><span class='ocrx_word' id='word_1_279' title='bbox 162 4069 238 4130; x_wconf 88' lang='lat' dir='ltr'><strong>niun</strong></span> <span class='ocrx_word' id='word_1_280' title='bbox 312 4068 419 4144; x_wconf 85' lang='lat' dir='ltr'><strong>modi,</strong></span> <span class='ocrx_word' id='word_1_281' title='bbox 439 4081 488 4132; x_wconf 90' lang='lat' dir='ltr'><strong>tot</strong></span> <span class='ocrx_word' id='word_1_282' title='bbox 508 4089 545 4133; x_wconf 86' lang='lat' dir='ltr'><strong>ea</strong></span> <span class='ocrx_word' id='word_1_283' title='bbox 567 4069 683 4133; x_wconf 88' lang='lat' dir='ltr'><strong>dicitur</strong></span> <span class='ocrx_word' id='word_1_284' title='bbox 704 4070 824 4135; x_wconf 84' lang='lat' dir='ltr'><strong>babere</strong></span> <span class='ocrx_word' id='word_1_285' title='bbox 846 4070 1084 4137; x_wconf 85' lang='lat' dir='ltr'><strong>declinationes.</strong></span> <span class='ocrx_word' id='word_1_286' title='bbox 1104 4075 1207 4166; x_wconf 77' lang='lat' dir='ltr'><strong>¹Quot</strong></span> 
     </span>
     <span class='ocr_line' id='line_1_37' title="bbox 163 4081 1204 4258; baseline 0.006 -25"><span class='ocrx_word' id='word_1_287' title='bbox 163 4081 352 4256; x_wconf 43' lang='lat' dir='ltr'><strong>incubus</strong></span> <span class='ocrx_word' id='word_1_288' title='bbox 375 4170 517 4237; x_wconf 77' lang='lat' dir='ltr'><strong>Graecos</strong></span> <span class='ocrx_word' id='word_1_289' title='bbox 542 4173 739 4258; x_wconf 65' lang='lat' dir='ltr'><strong>latinosque</strong></span> <span class='ocrx_word' id='word_1_290' title='bbox 761 4174 989 4239; x_wconf 84' lang='lat' dir='ltr'><strong>declinationes</strong></span> <span class='ocrx_word' id='word_1_291' title='bbox 1011 4176 1089 4258; x_wconf 88' lang='lat' dir='ltr'><strong>sint,</strong></span> <span class='ocrx_word' id='word_1_292' title='bbox 1121 4177 1204 4240; x_wconf 86' lang='lat' dir='ltr'><strong>inter</strong></span> 
     </span>
    </p>
   </div>
   <div class='ocr_carea' id='block_1_8' title="bbox 0 0 1312 4814">
    <p class='ocr_par' dir='ltr' id='par_1_9' title="bbox 0 0 1312 4814">
     <span class='ocr_line' id='line_1_38' title="bbox 0 0 1312 4814; baseline 0 3"><span class='ocrx_word' id='word_1_293' title='bbox 0 0 1312 4814; x_wconf 95' lang='lat' dir='ltr'><strong> </strong></span> 
     </span>
    </p>
   </div>
  </div>
 </body>
</html>
