2616 4814
147 420 182 476 dt)
344 419 384 475 11
419 419 460 475 llo
478 416 595 474 Anteatt
613 420 734 475 Graecoe
749 421 863 492 linguae
876 421 1003 494 'Origine

144 587 240 679 tapeta
261 585 399 659 θυσίαις
427 584 670 673 κεχαρισμένον
694 582 777 650 διν
742 607 893 676 ρησοιτο.
942 573 987 652 salv
1019 588 1057 672 dl,
1086 589 1192 683 χάριν

147 682 340 776 κατεύχετο
361 687 451 755 τίνοι
472 684 735 776 τουςἈχοιιοίις
756 686 802 758 rol
824 685 845 754 ἁ
840 685 998 780 δάκρυα
1015 694 1090 765 τοῖς
1112 691 1192 760 ἑκεί-

147 813 206 857 νου
228 787 373 871 βέλεσιν
1038 844 1043 851 .

227 900 354 957 mizius
382 908 511 976 quoque
540 889 625 952 libro
654 890 696 952 de
716 892 889 975 prosodiae
910 895 1067 968 Graecae'·
1060 878 1192 959 -itasn

85 999 88 1005 ’
145 1008 196 1059 tus
218 994 422 1058 inclinatione
454 993 609 1078 quaedam
631 994 758 1056 articuli
785 1016 876 1058 usum
905 999 990 1082 apud
1011 1002 1192 1062 Homerum

145 1098 335 1182 adtingeotia
363 1096 513 1175 inseruit,
547 1117 629 1180 quae
651 1097 711 1167 ¹hie
731 1117 794 1159 non
823 1097 941 1162 debent
963 1103 1191 1185 praetermitti.

144 1206 245 1290 Ipsius
267 1200 397 1287 quidem
417 1199 516 1263 verba
537 1198 616 1263 haee
637 1213 710 1263 sunt
727 1202 779 1282 ι)ε
824 1200 968 1286 »Pagina
990 1208 1033 1274 Γ)
1052 1205 1190 1289 loquens

42 1292 45 1297 ¹
145 1310 205 1372 nde
227 1329 286 1369 usu
308 1303 433 1366 articuli
453 1303 664 1386 praepositivi
686 1325 735 1384 eo,
758 1326 856 1390 quum
878 1327 1013 1382 nomen,
1036 1309 1123 1391 qood
1139 1330 1190 1370 ae·

145 1412 221 1497 aqui
250 1406 403 1486 debebat,
438 1406 610 1484 omittitur,
643 1419 676 1470 et
701 1427 763 1492 pro
793 1428 833 1471 eo
862 1411 1008 1495 sequitur
1036 1411 1190 1474 articulus

54 1504 63 1515 ⁵
146 1511 408 1599 »postpoaitivus,
440 1509 506 1572 dixi
527 1531 635 1573 rerum
656 1531 726 1573 esse
754 1512 839 1596 apud
859 1527 987 1576 veteres
1009 1515 1093 1576 buno
1115 1515 1190 1577 arti·

144 1618 229 1682 oculi
256 1637 365 1695 usam,
398 1624 431 1676 st
452 1613 520 1676 eius
542 1614 695 1677 duntaxat
721 1628 837 1679 neutro
858 1636 984 1700 genere.
1003 1611 1020 1697 '0
1038 1619 1102 1680 Sed
1126 1637 1188 1681 nee

145 1745 238 1786 rusus
259 1722 303 1784 ita
323 1740 414 1782 rarus
436 1731 501 1795 est,
532 1737 592 1787 nec
614 1738 733 1803 genere
754 1718 906 1783 duntaxat
926 1733 1040 1783 neutro
1067 1721 1207 1811 portien,

145 1829 213 1890 »lua
235 1847 274 1889 eo
294 1845 354 1887 usu
375 1820 563 1900 adhibetur,
596 1834 629 1885 et
647 1843 709 1905 pro
730 1823 865 1886 articulo
891 1824 1104 1908 postpositivo
1126 1823 1188 1885 alia

144 1931 262 1995 »dictio
284 1927 417 1999 relativa
437 1936 547 2010 potest
569 1923 699 2004 inferri,
719 1947 792 1990 >nec
812 1947 940 2013 semper
967 1928 1116 1990 omissum
1139 1940 1189 1990 est

144 2044 296 2113 snom'en,
329 2029 416 2118 quod
437 2028 761 2112 cogitatione-possit
788 2043 843 2093 aut
863 2051 902 2094 ex
923 2030 1188 2115 praecedentibus

143 2136 269 2202 »verbis
290 2132 412 2217 repeti,
445 2144 498 2193 aut
520 2130 647 2192 aliunde
668 2132 831 2216 suppleri,
860 2133 915 2195 sed
936 2134 1039 2196 multo
1061 2133 1188 2216 saepius

143 2239 313 2304 »articulus
335 2233 571 2320 praepositivae
594 2233 626 2295 in
648 2235 804 2297 eiusmodi
826 2237 1064 2298 constructione
1079 2237 1186 2301 vicens

142 2341 248 2404 »subit
268 2337 397 2405 alterius
418 2335 521 2396 utrius
553 2334 689 2397 duorum
718 2336 944 2420 pronominum
965 2338 1187 2401 demonstrati·

143 2465 297 2518 ntorum,
329 2450 383 2502 aut
404 2439 486 2500 eius
503 2439 590 2524 quod
612 2461 681 2502 rem
710 2441 762 2503 vel
790 2461 959 2523 personam
989 2443 1186 2506 demonstrat

143 2544 368 2631 »propiorem
389 2527 511 2618 οὗτος,
535 2554 590 2604 aut
609 2542 678 2604 eius
701 2541 787 2626 quod
807 2543 1026 2622 remotiorem,
1048 2544 1183 2618 ἐκεῖνος

142 2675 203 2713 tt-
221 2650 257 2708 In
278 2643 452 2707 Homerico
472 2644 563 2724 loco,
596 2645 652 2730 qui
683 2657 731 2706 est
759 2644 796 2706 ll.
820 2670 859 2765 pn
879 2650 949 2716 171
969 2645 1126 2745 ἐφάμην
1151 2669 1187 2715 σε

141 2747 237 2838 »περὶ
260 2748 395 2838 φρένας
408 2739 544 2874 ἔξιμενοιι
574 2742 710 2812 αλλων
737 2749 816 2813 τῶν
839 2741 954 2815 ὅσσοι
975 2746 1134 2837 Aualnv’
1123 2773 1185 2839 eps·

141 2851 307 2936 νβιολοικα
328 2846 536 2939 ναιετάουσι,
572 2863 705 2936 quaerat
725 2850 859 2936 aliquis,
894 2865 1000 2914 utrum
1021 2848 1182 2915 articulus

141 2960 247 3032 »τῶν
276 2954 440 3041 quoniam
444 2954 474 3015 ei
494 2954 659 3038 praecedit
680 2974 797 3016 nomen
819 2949 952 3029 ἄλλων,
983 2953 1097 3013 habeat
1117 2952 1184 3015 vim

141 3054 356 3143 »pronominis
379 3056 636 3132 demonstrativi,
659 3077 697 3115 an
719 3049 836 3118 ἄλλων
859 3054 926 3116 τῶν
948 3072 1007 3132 per
1020 3050 1181 3111 traiectio·

142 3181 234 3224 »nem
254 3158 390 3220 dictum·
386 3158 435 3220 ¹sit
455 3177 517 3241 pro
531 3158 598 3222 τῶν
620 3150 748 3220 ἄλλων
794 3150 858 3245 Qui
879 3149 969 3230 prius
986 3150 1070 3212 tueri
1092 3150 1181 3230 velit,

141 3264 261 3343 odiost,
294 3275 421 3378 poetam
447 3259 610 3320 rarissime
638 3241 685 3317 uti
713 3253 818 3315 solere
846 3252 981 3314 articulo
1004 3252 1065 3314 alia
1086 3275 1181 3337 quam

141 3365 355 3451 »pronominis
376 3373 553 3446 potestate,
587 3358 648 3419 nisi
669 3376 741 3420 cum
763 3352 966 3436 significanda
997 3356 1039 3419 sit
1058 3357 1107 3419 rei
1129 3356 1181 3420 vel

141 3489 315 3555 »personae
343 3464 497 3551 qiraadam
519 3457 725 3536 excellentia,
760 3477 853 3542 quem
876 3457 928 3520 hio
957 3460 1078 3521 nullam
1101 3479 1180 3522 esse.

51 3597 56 3611 s
140 3572 323 3638 »Posterius
343 3571 387 3630 ita
408 3562 575 3625 defendam
601 3571 665 3622 non
686 3561 792 3643 Lyciis
819 3571 890 3627 aliis
911 3561 1067 3624 Glaucum
1087 3583 1180 3644 prae.

140 3693 264 3755 ustare,
284 3672 340 3735 'sed
362 3675 488 3749 ceteris,
512 3665 659 3748 quoniam
681 3665 720 3726 iis
741 3666 886 3728 omnibus
909 3677 1072 3749 praestare
1095 3665 1180 3728 dica·

139 3796 227 3846 ntur:
249 3790 362 3839 nomen
385 3763 488 3834 ἄλλοι
510 3768 578 3829 sine
601 3767 753 3849 articulo,
775 3788 845 3831 esse
865 3777 933 3850 atti,
956 3786 1028 3829 cum
1044 3766 1179 3829 articulo

139 3898 281 3954 nautam,
314 3877 344 3940 ol
363 3865 484 3948 ditor,
516 3883 710 3937 notariatus
759 3871 884 3962 Quibus
914 3868 1043 3954 quidem
1070 3868 1177 3931 verbis

137 3990 183 4051 ill.
207 3985 299 4058 Wolf
317 3976 399 4039 bane
418 3973 553 4039 subiecit
572 3984 705 4039 notama'
729 3974 848 4038 »Cauta
869 3984 903 4036 et
923 3969 1085 4034 subtiliter
1104 3972 1179 4034 Rei·-

145 4111 361 4138 ..---—-

206 4203 236 4271 1)
254 4202 325 4274 Peg.
339 4198 383 4256 tt.
