2616 4814
491 390 750 479 'emman
1119 419 1177 481 tt.-

208 592 256 652 Ea
277 589 419 667 nomina,
441 607 522 673 quae
541 588 581 651 ael
601 600 738 674 quatuor
756 588 844 668 illas,
864 587 896 651 in
918 608 995 673 quas
1011 608 1069 651 nos
1083 586 1157 649 sub·

127 693 262 757 stantiva
284 704 430 754 concreta
452 690 654 774 digessimus,
675 691 798 774 species
818 692 996 774 pertinent,
1014 688 1157 753 nonnulli

129 807 273 856 vetorum
300 793 576 877 grammaticorum
598 792 776 877 corporalia
796 792 988 875 adpellasse,
1017 778 1157 854 substan·

129 894 202 957 tivis
224 894 387 958 abstractis
409 916 428 957 e
450 895 608 957 contrario
628 914 743 957 nomen
765 894 1013 976 incorporalium
1030 892 1158 955 indidis-

129 1016 165 1057 se
188 997 344 1058 videntur.
399 996 598 1080 »Corporale
618 1014 749 1075 nomen,
778 994 880 1081 inquit
901 995 1038 1079 Servius
1051 997 1160 1057 Hono·

128 1111 235 1176 ratus,
256 1099 310 1161 vel
329 1098 531 1181 incorporale
545 1098 739 1181 grammatici
757 1098 799 1159 ita
812 1094 1019 1174 definierunt,
1039 1108 1075 1158 ut
1090 1114 1161 1159 cor·

129 1199 242 1283 porale
264 1200 321 1278 sit,
353 1200 507 1284 quidquid
528 1200 654 1263 videtur
681 1211 714 1262 et
739 1199 896 1281 tangitur,
929 1211 965 1261 ut
985 1197 1084 1281 lapis,
1114 1196 1162 1259 in·

132 1302 318 1385 corporale,
347 1302 432 1386 quod
453 1321 515 1363 non
537 1302 664 1366 ridetur
685 1313 717 1365 et
735 1301 890 1385 tangitur,
916 1312 953 1363 nt
969 1300 1095 1384 pietas«
1119 1300 1162 1382 ¹).

130 1402 282 1465 Nonnihil
302 1415 405 1465 tamen
427 1402 466 1465 ab
487 1403 536 1465 bis
556 1402 709 1466 recedunt
729 1422 784 1481 ca,
817 1422 898 1487 qnae
918 1402 1097 1465 Priscianus
1121 1399 1163 1463 (le

95 1566 99 1575 ,
131 1504 191 1567 bac
217 1517 399 1583 remanet,
430 1506 503 1590 qni,
545 1503 865 1590 »Adpellntivorum
898 1504 1017 1589 inquit,
1046 1503 1164 1565 multae

107 1620 206 1670 -aunt
233 1609 371 1691 species,
404 1629 538 1693 quarum
568 1605 720 1692 quaedam
750 1625 931 1669 communes
961 1606 1165 1670 inveniuntur

134 1729 206 1773 oum
225 1709 386 1794 propriis,
403 1710 487 1774 ¹aive
508 1709 570 1771 sint
596 1708 717 1792 primae
737 1707 921 1792 positionis,
951 1708 1020 1771 sive
1040 1706 1165 1772 deriva-

133 1812 209 1875 tiva.
251 1812 331 1875 Sunt
351 1811 435 1873 enim
456 1810 608 1896 quaedam
628 1810 807 1893 corporalia
827 1810 859 1870 in
883 1810 1099 1894 adpellativis,
1128 1820 1166 1870 ut

134 1913 250 1993 bom03
271 1925 345 1976 sunt
365 1913 460 1975 etiam
480 1911 513 1971 in
533 1910 691 1995 propriis,
712 1912 935 1974 ut'l'erentius.
973 1911 1044 1973 Alia
1062 1911 1167 1973 incor-

133 2015 255 2098 poralia
276 2014 310 2076 in
330 2009 550 2096 adpellativis,
576 2022 613 2073 ut
630 2010 748 2089 virtus,
768 2011 801 2072 in
822 2012 980 2095 propriis,
1010 2023 1046 2074 ut
1066 2011 1167 2078 victua

136 2114 220 2177 dean
233 2115 278 2194 2).
300 2148 342 2161 -
366 2112 409 2174 At
428 2106 592 2194 proiecto,
615 2109 641 2170 ai
664 2109 713 2172 his
735 2111 913 2174 nominibus
934 2113 1058 2196 species
1078 2134 1169 2199 quas·

136 2217 209 2280 dam
229 2214 497 2279 substantivorum
518 2211 711 2294 distinguere
731 2214 895 2292 volumus,
925 2214 1020 2301 longe
1040 2215 1100 2278 alia
1122 2215 1169 2277 eis

136 2316 348 2403 subiicienda,
380 2328 476 2400 atque
495 2300 545 2374 his
565 2310 829 2395 adpellationibus
856 2316 992 2381 notanda
1011 2315 1169 2381 videntur.

136 2421 264 2486 Etenim
284 2420 367 2495 inter
389 2439 426 2480 ea
447 2414 658 2494 substantive,
688 2436 770 2499 quae
796 2415 984 2501 adpellativa
1008 2419 1170 2483 nominan-

136 2535 208 2601 tur,
230 2522 458 2607 qualitatesque
478 2517 623 2602 pluribus
645 2515 814 2579 individuis
828 2537 1010 2582 communes
1025 2520 1060 2581 in
1074 2540 1171 2583 unam

139 2626 302 2687 notionem
315 2622 496 2684 coniunctas
514 2619 689 2701 designant,
705 2620 855 2681 nonnulla
867 2619 1090 2703 inveniuntur,
1100 2619 1169 2707 qui·

139 2724 201 2785 bns
220 2745 284 2785 non
302 2742 356 2785 nes
384 2741 498 2783 revera
517 2730 690 2798 exstantes,
720 2720 788 2783 sive
808 2721 903 2783 etiam
928 2721 961 2783 in
984 2743 1093 2786 sensus
1113 2742 1169 2785 no-

143 2836 226 2887 stros
248 2824 444 2885 incursantes
463 2820 603 2905 ipsisque
623 2833 810 2903 perceptae,
829 2821 885 2884 sesl
903 2822 1047 2886 notiones
1063 2824 1171 2903 modo,

143 2948 221 3019 quas
249 2925 281 2986 ln
310 2923 414 2986 snlmo
442 2935 552 2985 nostro
582 2919 785 2983 formavimus
811 2920 1071 3009 ellinximnsqne',
1101 2937 1174 2988 sunt
1252 2972 1255 2979 .

142 3026 311 3092 subiectae.
359 3026 448 3085 Haec
477 3022 575 3106 igitur
601 3022 723 3104 optimo
749 3022 821 3084 iure
840 3023 1054 3111 incorporalia
1074 3028 1174 3089 nomi·

141 3149 236 3208 nare,
266 3126 392 3211 reliqua
413 3145 492 3187 vero
514 3122 729 3209 corporalium
750 3124 877 3187 nomine
895 3146 1060 3209 possumus
1080 3127 1175 3213 insig-

142 3228 220 3293 nire.
275 3231 348 3293 Huc
373 3246 452 3291 vero
477 3224 639 3309 pertinent
659 3224 804 3289 notiones
824 3225 960 3307 diaboli,
992 3227 1174 3308 animarum,

145 3330 247 3408 coeli,
274 3341 425 3411 quatenus
447 3328 536 3390 locus
557 3328 723 3392 beatorum
743 3339 808 3407 est,
829 3329 898 3392 orei
918 3342 978 3393 etc.
1019 3330 1176 3393 Nonnulla

145 3449 223 3495 vero
246 3449 356 3492 eorum
378 3428 661 3509 substantivorum,
690 3450 771 3515 quae
792 3430 1056 3515 adpellativorum
1075 3432 1176 3494 nomi·

144 3552 185 3594 ne
206 3528 534 3612 comprehenduntur,
566 3530 745 3615 designant,
775 3545 812 3596 ut
838 3532 916 3597 baec
944 3534 1012 3617 ipsa
1032 3532 1177 3613 exempla

146 3632 277 3709 (locent,
297 3630 453 3693 eiusmodi
471 3630 636 3713 notiones,
663 3655 796 3723 quarum
816 3634 991 3697 subiectum
1012 3631 1062 3691 sni
1083 3648 1177 3710 gene-

145 3736 191 3801 ris
211 3734 338 3798 unicum
357 3745 425 3813 cst,
447 3732 535 3819 quod
554 3733 587 3797 in
607 3746 715 3803 rerum
734 3748 846 3801 natura
866 3745 985 3810 exstet,
1006 3731 1048 3790 ita
1061 3740 1096 3791 ut
1109 3728 1178 3813 ipsa

148 3897 364 3915 w——u

215 4000 247 4068 1)
271 4000 352 4055 Sars.
375 4002 578 4081 illarqllnnor.
600 4003 631 4059 in
656 4019 710 4061 ssu
734 4002 836 4061 Donat
859 3995 933 4051 utta
957 3994 1107 4065 lntsft’ffll·
1133 4008 1180 4063 ⁸1³·

150 4082 265 4144 Pauca
280 4108 308 4158 p.
323 4089 400 4145 1281.

214 4174 245 4243 2)
263 4176 400 4233 Priscian·
411 4196 456 4248 sp.
472 4179 588 4235 vunan
606 4198 634 4249 p.
650 4174 712 4231 m
