2616 4814
185 406 238 465 280
527 398 564 456 Χ.
598 400 731 470 &scrpta
749 399 881 471 quasdam

184 576 293 657 rabat,
319 569 454 639 estnihil
475 571 634 637 incidisset
651 579 762 653 postes
781 566 902 633 civitati
922 565 1015 648 mali,
1047 568 1133 653 quod
1154 586 1219 631 non

184 674 368 760 impendere
388 673 437 734 illi
458 684 544 734 tanto
567 683 638 733 ente
659 670 840 734 vidissent«
873 669 939 732 cic.
960 668 1001 731 de
1021 669 1113 733 Orat.
1134 671 1168 748 l,
1189 675 1221 749 7,

183 783 235 857 26.
260 815 302 827 -
331 774 458 871 »Quies
489 774 575 859 quod
596 795 674 852 usu,
703 775 856 835 memoria
882 785 1025 856 patrum,
1051 773 1157 853 venit,
1184 785 1225 838 uc

183 878 425 966 paterfamilias,
457 878 512 962 qui
541 898 581 940 ex
601 876 754 961 Hispania
775 877 930 954 venisset,
961 898 1059 960 quum
1086 896 1222 938 uxorem

182 995 405 1069 praegnantem
438 982 471 1042 in
502 980 668 1064 provincia
698 980 896 1064 reliquisset,
938 999 1043 1064 neque
1076 979 1222 1041 nuntium

181 1086 285 1171 priori
304 1096 488 1169 remisisset,
508 1098 708 1165 mortuusque
728 1097 810 1148 esset
828 1083 994 1162 intestato,
1021 1096 1053 1145 ct
1074 1104 1115 1145 ex
1134 1095 1223 1146 utra·

183 1210 245 1274 que
266 1187 348 1250 lilius
369 1200 460 1250 natus
483 1200 580 1249 essets
609 1186 822 1249 mediocrisne
842 1206 894 1248 res
915 1186 948 1247 in
969 1187 1223 1250 controversiam

182 1291 315 1354 adducta
336 1292 428 1355 astla
458 1290 537 1352 lbid.
560 1292 671 1370 l,40,
694 1293 763 1362 183.
785 1326 827 1340 -
858 1289 1003 1353 »Deinde
1024 1290 1112 1375 quod
1131 1304 1168 1353 tu
1187 1290 1223 1353 in

183 1412 221 1455 es
241 1394 312 1477 plus
335 1413 452 1475 operae
474 1391 658 1476 laborisque
680 1411 916 1471 consumeres,
949 1413 1046 1476 quum
1068 1392 1136 1455 eius
1156 1405 1223 1455 stu·

183 1495 227 1557 dii
252 1495 311 1557 tibi
339 1507 370 1556 et
391 1494 536 1559 hortator
558 1508 590 1557 et
610 1494 762 1578 magister
789 1506 872 1556 esset
893 1495 999 1574 domi,
1032 1496 1153 1559 veritus
1174 1516 1222 1574 es,

180 1597 241 1658 nisi
262 1596 354 1658 istem
374 1609 474 1658 artem
497 1597 641 1658 oratione
663 1616 904 1679 exaggerasset,
931 1620 972 1662 sse
994 1618 1124 1681 operam
1142 1622 1221 1681 per-

179 1708 334 1765 dldissesa
370 1697 449 1759 ibid.
472 1700 505 1777 l,
526 1705 584 1778 55,
605 1695 676 1769 934.
709 1734 750 1749 -
783 1701 913 1784 »Neque
935 1698 1036 1761 ullum
1058 1701 1220 1785 ingenium

179 1812 300 1863 tsnmm
322 1798 478 1861 exstitisse
499 1797 627 1861 dicebat
648 1798 775 1882 (Cato),
801 1812 854 1883 ut,
877 1820 971 1883 quem
991 1821 1043 1863 res
1065 1803 1151 1865 nulls
1170 1802 1225 1865 iu·¹

181 1917 290 1989 geret,
311 1903 476 1987 quisquam
500 1901 668 1986 aliquando
686 1907 819 1985 fisissetJ
841 1921 945 1986 neque
966 1915 1078 1965 cuncta
1093 1903 1220 1987 ingenis

180 2007 293 2069 collata
322 2005 473 2067 inunum
502 2016 622 2067 tantum
650 2023 746 2087 posse
774 2023 837 2065 uno
858 2016 1004 2088 tempore
1031 2004 1219 2088 providere,

178 2124 214 2173 ut
234 2110 337 2171 omnia
358 2108 648 2191 complecterentur
669 2107 736 2168 sine
757 2127 864 2169 rerum
888 2128 947 2170 usu
969 2118 1216 2171 aeramenta«

179 2213 245 2278 Cic.
268 2213 308 2273 ds
327 2210 513 2294 Republica.
536 2213 573 2272 L.
594 2212 632 2270 ll.
654 2246 695 2258 —-
718 2210 884 2273 »Nondum
905 2209 1024 2274 indicto
1045 2210 1142 2291 bello,
1163 2222 1218 2274 aut

177 2314 222 2377 ita
241 2313 426 2390 commisso,
448 2325 486 2376 ut
504 2312 631 2373 strictos
653 2311 785 2393 gladios,
807 2324 860 2374 aut
880 2313 1063 2397 sanguinem
1084 2334 1218 2397 usquam

177 2414 296 2479 iactum
325 2424 509 2478 audissent«
539 2414 610 2476 Lis.
638 2415 770 2493 XXXV,
798 2418 848 2482 51.
880 2450 923 2469 -η
956 2418 1075 2477 »Tanta
1102 2416 1216 2500 opibus

178 2518 307 2581 Etruria
329 2528 415 2592 erat,
436 2529 473 2580 ut
494 2516 557 2576 iam
577 2551 618 2566 -
640 2535 728 2577 mare
747 2514 842 2577 etiam
861 2552 902 2564 -
922 2515 1004 2578 fama
1017 2518 1152 2580 nominis
1168 2518 1216 2580 sui

177 2628 357 2700 inplesset«
380 2616 451 2680 Liv.
464 2617 496 2695 1,
518 2617 548 2682 2.
569 2650 610 2669 -
633 2615 688 2677 »ei
709 2627 829 2678 tantum
851 2616 985 2679 militum
997 2621 1216 2682 Romanorum

176 2716 304 2798 fuisset,
332 2732 370 2785 ut
389 2730 421 2781 et
440 2716 566 2779 Chalcis
588 2717 709 2797 teneri,
742 2730 775 2779 et
800 2736 863 2779 non
896 2718 1001 2781 deseri
1021 2720 1216 2802 praesidium

178 2819 372 2884 Athenarum
395 2829 562 2902 potuissetj
603 2839 715 2902 magua
743 2839 794 2882 res
822 2819 980 2903 principio
1003 2822 1105 2883 statim
1125 2820 1216 2903 belli,

177 2924 302 2987 Chalcis
330 2935 362 2984 et
390 2921 530 3005 Euripus
564 2921 685 2982 ademta
713 2922 865 3005 Philippo
886 2923 957 3006 regi
978 2920 1112 2988 forent«
1142 2924 1214 2991 Liv.

175 3026 298 3102 XXXI,
318 3030 368 3094 93.
389 3060 429 3085 -ι-
453 3023 596 3087 »Atticus
618 3044 715 3107 quum
735 3018 820 3085 tanta
841 3023 1056 3107 prosperitate
1075 3044 1150 3085 usus
1167 3044 1212 3088 es·

176 3140 225 3190 set
245 3123 452 3205 valetudinis,
479 3137 517 3188 ut
536 3143 632 3185 annos
654 3123 781 3205 triginta
802 3122 957 3184 medicina
978 3143 1042 3184 non
1061 3132 1214 3205 arduan-

176 3244 238 3313 sst,
259 3241 367 3291 nactus
389 3226 437 3289 est
456 3227 633 3289 morbum«
656 3226 751 3287 Corn.
764 3228 844 3308 Nep.
864 3227 966 3306 XXV,
986 3228 1037 3293 21.
1059 3262 1101 3277 -
1122 3230 1212 3290 sNon

176 3333 235 3396 tibi
256 3329 476 3392 benefaciendi
498 3328 558 3391 luit
579 3349 690 3406 causa,
709 3340 761 3411 ut,
782 3347 863 3411 quse
879 3328 962 3389 male
977 3324 1110 3409 leemas,
1130 3328 1213 3393 bene

173 3442 329 3525 fecisses«
350 3432 432 3493 Plio.
453 3434 610 3514 Panegyr.
631 3430 784 3508 XXVlll,
804 3432 835 3496 2.
858 3463 897 3476 -
926 3433 1053 3492 Haecee
1074 3431 1136 3493 iam
1157 3454 1212 3495 ex·

175 3538 280 3622 empla
308 3535 482 3597 accuratius
512 3532 748 3596 considerantes
769 3532 998 3615 intelligemus,
1030 3534 1211 3618 plusquam·

175 3640 351 3727 perfectum
380 3636 573 3700 coniunctivi
611 3649 684 3720 post
712 3635 882 3720 particulas
912 3656 1007 3720 supra
1037 3637 1209 3700 nominatas

173 3759 242 3809 tum
263 3741 425 3820 adhiberi,
456 3741 484 3801 si
513 3737 731 3818 adfirmamus,
763 3756 834 3800 rem
864 3738 991 3801 aliunde
1018 3739 1209 3822 pendentem

172 3862 239 3911 non
260 3844 421 3920 evenisse,
445 3842 517 3926 quia
540 3841 594 3902 illa
615 3862 666 3902 res
687 3841 774 3924 ipss,
795 3839 879 3902 unde
899 3840 1119 3926 pependisset,
1145 3835 1209 3904 nen

173 3945 320 4013 habuerit
340 3956 506 4021 eventum,
537 3942 590 4005 rel
611 3941 638 4002 si
660 3941 700 4003 de
720 3961 757 4004 re
778 3941 904 4004 aliunde
924 3940 1083 4025 pendente
1103 3962 1208 4005 sermo

174 4058 240 4126 est,
270 4064 351 4129 quse
372 4043 412 4107 ed
439 4054 588 4111 eventum
617 4041 680 4109 im
707 4040 998 4127 peruastauit,
1031 4062 1127 4128 mum
1153 4043 1208 4106 ills

173 4164 247 4229 ras,
266 4148 351 4219 unde
368 4145 544 4241 pandebat,
567 4144 670 4217 adhue
681 4158 902 4239 pausasset,
920 4142 1094 4237 praecipue
1106 4142 1135 4211 si
1146 4142 1207 4210 slis

65 4412 246 4532 ἢ.
