<?xml version="1.0" encoding="UTF-8"?>
<!DOCTYPE html PUBLIC "-//W3C//DTD XHTML 1.0 Transitional//EN"
    "http://www.w3.org/TR/xhtml1/DTD/xhtml1-transitional.dtd">
<html xmlns="http://www.w3.org/1999/xhtml" xml:lang="en" lang="en">
 <head>
  <title>
</title>
<meta http-equiv="Content-Type" content="text/html;charset=utf-8" />
  <meta name='ocr-system' content='tesseract 3.04.00' />
  <meta name='ocr-capabilities' content='ocr_page ocr_carea ocr_par ocr_line ocrx_word'/>
</head>
<body>
  <div class='ocr_page' id='page_1' title='image "./carfrchrwagneri00wagngoog_0265.png"; bbox 0 0 2616 4814; ppageno 0'>
   <div class='ocr_carea' id='block_1_1' title="bbox 150 358 851 431">
    <p class='ocr_par' dir='ltr' id='par_1_1' title="bbox 150 358 851 431">
     <span class='ocr_line' id='line_1_1' title="bbox 150 358 851 431; baseline 0 -14"><span class='ocrx_word' id='word_1_1' title='bbox 150 358 201 417; x_wconf 75' lang='lat'><strong>221</strong></span> <span class='ocrx_word' id='word_1_2' title='bbox 495 359 530 415; x_wconf 80' lang='lat' dir='ltr'><strong>x.</strong></span> <span class='ocrx_word' id='word_1_3' title='bbox 568 363 702 430; x_wconf 61' lang='lat' dir='ltr'><strong>&amp;carpto</strong></span> <span class='ocrx_word' id='word_1_4' title='bbox 719 361 851 431; x_wconf 79' lang='lat' dir='ltr'><strong>quaedam</strong></span> 
     </span>
    </p>
   </div>
   <div class='ocr_carea' id='block_1_2' title="bbox 68 522 1226 3986">
    <p class='ocr_par' dir='ltr' id='par_1_2' title="bbox 68 522 1226 3986">
     <span class='ocr_line' id='line_1_2' title="bbox 150 522 1190 614; baseline 0 -19"><span class='ocrx_word' id='word_1_5' title='bbox 150 528 309 595; x_wconf 76' lang='lat' dir='ltr'><strong>credimur</strong></span> <span class='ocrx_word' id='word_1_6' title='bbox 329 525 551 593; x_wconf 74' lang='lat' dir='ltr'><strong>neceesarium.</strong></span> <span class='ocrx_word' id='word_1_7' title='bbox 601 534 734 604; x_wconf 77' lang='lat' dir='ltr'><strong>Qnaidam</strong></span> <span class='ocrx_word' id='word_1_8' title='bbox 762 526 860 593; x_wconf 88' lang='lat' dir='ltr'><strong>hahet</strong></span> <span class='ocrx_word' id='word_1_9' title='bbox 888 522 1019 614; x_wconf 88' lang='lat' dir='ltr'><strong>quidem</strong></span> <span class='ocrx_word' id='word_1_10' title='bbox 1039 529 1116 593; x_wconf 82' lang='lat' dir='ltr'><strong>alian</strong></span> <span class='ocrx_word' id='word_1_11' title='bbox 1136 528 1190 595; x_wconf 89' lang='lat' dir='ltr'><strong>ad·</strong></span> 
     </span>
     <span class='ocr_line' id='line_1_3' title="bbox 149 628 1189 718; baseline -0.002 -20"><span class='ocrx_word' id='word_1_12' title='bbox 149 634 213 698; x_wconf 89' lang='lat' dir='ltr'><strong>huo</strong></span> <span class='ocrx_word' id='word_1_13' title='bbox 234 629 495 716; x_wconf 77' lang='lat' dir='ltr'><strong>significationen,</strong></span> <span class='ocrx_word' id='word_1_14' title='bbox 530 628 570 691; x_wconf 86' lang='lat' dir='ltr'><strong>de</strong></span> <span class='ocrx_word' id='word_1_15' title='bbox 592 629 707 714; x_wconf 82' lang='lat' dir='ltr'><strong>quibua</strong></span> <span class='ocrx_word' id='word_1_16' title='bbox 729 650 808 695; x_wconf 78' lang='lat' dir='ltr'><strong>vero</strong></span> <span class='ocrx_word' id='word_1_17' title='bbox 828 628 883 694; x_wconf 87' lang='lat' dir='ltr'><strong>hin</strong></span> <span class='ocrx_word' id='word_1_18' title='bbox 903 651 1082 718; x_wconf 79' lang='lat' dir='ltr'><strong>exponere,</strong></span> <span class='ocrx_word' id='word_1_19' title='bbox 1116 653 1189 696; x_wconf 86' lang='lat' dir='ltr'><strong>are</strong></span> 
     </span>
     <span class='ocr_line' id='line_1_4' title="bbox 136 731 1189 823; baseline -0.002 -22"><span class='ocrx_word' id='word_1_20' title='bbox 136 755 282 823; x_wconf 77' lang='lat' dir='ltr'><strong>,promus</strong></span> <span class='ocrx_word' id='word_1_21' title='bbox 310 747 394 797; x_wconf 86' lang='lat' dir='ltr'><strong>easet</strong></span> <span class='ocrx_word' id='word_1_22' title='bbox 421 731 566 795; x_wconf 86' lang='lat' dir='ltr'><strong>alienum.</strong></span> <span class='ocrx_word' id='word_1_23' title='bbox 626 732 677 793; x_wconf 85' lang='lat' dir='ltr'><strong>Ex</strong></span> <span class='ocrx_word' id='word_1_24' title='bbox 705 753 801 817; x_wconf 75' lang='lat' dir='ltr'><strong>supra</strong></span> <span class='ocrx_word' id='word_1_25' title='bbox 832 731 925 796; x_wconf 74' lang='lat' dir='ltr'><strong>dietis</strong></span> <span class='ocrx_word' id='word_1_26' title='bbox 958 736 1020 798; x_wconf 88' lang='lat' dir='ltr'><strong>iam</strong></span> <span class='ocrx_word' id='word_1_27' title='bbox 1047 734 1189 820; x_wconf 84' lang='lat' dir='ltr'><strong>adparet,</strong></span> 
     </span>
     <span class='ocr_line' id='line_1_5' title="bbox 150 831 1189 924; baseline 0.002 -24"><span class='ocrx_word' id='word_1_28' title='bbox 150 838 274 924; x_wconf 87' lang='lat' dir='ltr'><strong>quade</strong></span> <span class='ocrx_word' id='word_1_29' title='bbox 296 856 388 899; x_wconf 83' lang='lat' dir='ltr'><strong>causa</strong></span> <span class='ocrx_word' id='word_1_30' title='bbox 410 831 662 918; x_wconf 74' lang='lat' dir='ltr'><strong>quiaquamsere</strong></span> <span class='ocrx_word' id='word_1_31' title='bbox 690 855 817 920; x_wconf 77' lang='lat' dir='ltr'>semper</span> <span class='ocrx_word' id='word_1_32' title='bbox 845 834 877 896; x_wconf 92' lang='lat' dir='ltr'><strong>in</strong></span> <span class='ocrx_word' id='word_1_33' title='bbox 903 835 941 897; x_wconf 85' lang='lat' dir='ltr'><strong>iis</strong></span> <span class='ocrx_word' id='word_1_34' title='bbox 969 837 1189 902; x_wconf 89' lang='lat' dir='ltr'><strong>enuntiationi·</strong></span> 
     </span>
     <span class='ocr_line' id='line_1_6' title="bbox 147 935 1188 1026; baseline 0.001 -24"><span class='ocrx_word' id='word_1_35' title='bbox 147 941 208 1002; x_wconf 83' lang='lat' dir='ltr'><strong>hua</strong></span> <span class='ocrx_word' id='word_1_36' title='bbox 228 939 336 1003; x_wconf 81' lang='lat' dir='ltr'><strong>laeum</strong></span> <span class='ocrx_word' id='word_1_37' title='bbox 355 936 487 1015; x_wconf 87' lang='lat' dir='ltr'><strong>haheat,</strong></span> <span class='ocrx_word' id='word_1_38' title='bbox 519 936 552 997; x_wconf 89' lang='lat' dir='ltr'><strong>in</strong></span> <span class='ocrx_word' id='word_1_39' title='bbox 575 935 689 1020; x_wconf 78' lang='lat' dir='ltr'><strong>quihus</strong></span> <span class='ocrx_word' id='word_1_40' title='bbox 711 937 831 1023; x_wconf 87' lang='lat' dir='ltr'><strong>aliquid</strong></span> <span class='ocrx_word' id='word_1_41' title='bbox 852 953 1003 1024; x_wconf 80' lang='lat' dir='ltr'><strong>negatur3</strong></span> <span class='ocrx_word' id='word_1_42' title='bbox 1046 939 1121 1026; x_wconf 81' lang='lat' dir='ltr'><strong>quia</strong></span> <span class='ocrx_word' id='word_1_43' title='bbox 1143 939 1188 1003; x_wconf 89' lang='lat' dir='ltr'><strong>ni·</strong></span> 
     </span>
     <span class='ocr_line' id='line_1_7' title="bbox 147 1037 1187 1127; baseline 0 -21"><span class='ocrx_word' id='word_1_44' title='bbox 147 1038 445 1106; x_wconf 83' lang='lat' dir='ltr'><strong>mirumeiuamodi</strong></span> <span class='ocrx_word' id='word_1_45' title='bbox 460 1037 692 1101; x_wconf 79' lang='lat' dir='ltr'><strong>enuntiationes</strong></span> <span class='ocrx_word' id='word_1_46' title='bbox 707 1040 898 1127; x_wconf 88' lang='lat' dir='ltr'><strong>plerumque</strong></span> <span class='ocrx_word' id='word_1_47' title='bbox 914 1062 1022 1104; x_wconf 83' lang='lat' dir='ltr'><strong>omnes</strong></span> <span class='ocrx_word' id='word_1_48' title='bbox 1036 1043 1075 1105; x_wconf 91' lang='lat' dir='ltr'><strong>ad</strong></span> <span class='ocrx_word' id='word_1_49' title='bbox 1090 1064 1187 1105; x_wconf 92' lang='lat' dir='ltr'><strong>uuum</strong></span> 
     </span>
     <span class='ocr_line' id='line_1_8' title="bbox 146 1142 1186 1232; baseline -0.001 -22"><span class='ocrx_word' id='word_1_50' title='bbox 146 1168 246 1232; x_wconf 78' lang='lat' dir='ltr'><strong>genus</strong></span> <span class='ocrx_word' id='word_1_51' title='bbox 275 1144 470 1231; x_wconf 75' lang='lat' dir='ltr'><strong>pertinentes</strong></span> <span class='ocrx_word' id='word_1_52' title='bbox 500 1163 552 1206; x_wconf 88' lang='lat' dir='ltr'><strong>rea</strong></span> <span class='ocrx_word' id='word_1_53' title='bbox 581 1154 727 1229; x_wconf 80' lang='lat' dir='ltr'><strong>spectare</strong></span> <span class='ocrx_word' id='word_1_54' title='bbox 748 1142 860 1206; x_wconf 84' lang='lat' dir='ltr'><strong>nolent.</strong></span> <span class='ocrx_word' id='word_1_55' title='bbox 913 1144 1069 1231; x_wconf 86' lang='lat' dir='ltr'><strong>Exempla</strong></span> <span class='ocrx_word' id='word_1_56' title='bbox 1091 1165 1186 1231; x_wconf 84' lang='lat' dir='ltr'><strong>quae·</strong></span> 
     </span>
     <span class='ocr_line' id='line_1_9' title="bbox 147 1244 1186 1332; baseline -0.001 -17"><span class='ocrx_word' id='word_1_57' title='bbox 147 1250 220 1315; x_wconf 83' lang='lat' dir='ltr'><strong>dam</strong></span> <span class='ocrx_word' id='word_1_58' title='bbox 249 1249 312 1312; x_wconf 90' lang='lat' dir='ltr'><strong>iam</strong></span> <span class='ocrx_word' id='word_1_59' title='bbox 333 1245 519 1332; x_wconf 79' lang='lat' dir='ltr'><strong>adponenda</strong></span> <span class='ocrx_word' id='word_1_60' title='bbox 541 1244 590 1307; x_wconf 84' lang='lat' dir='ltr'><strong>rei</strong></span> <span class='ocrx_word' id='word_1_61' title='bbox 618 1245 713 1308; x_wconf 88' lang='lat' dir='ltr'><strong>etiam</strong></span> <span class='ocrx_word' id='word_1_62' title='bbox 732 1246 831 1331; x_wconf 79' lang='lat' dir='ltr'><strong>magia</strong></span> <span class='ocrx_word' id='word_1_63' title='bbox 861 1246 1065 1311; x_wconf 73' lang='lat' dir='ltr'><strong>illustrandae</strong></span> <span class='ocrx_word' id='word_1_64' title='bbox 1086 1249 1186 1313; x_wconf 79' lang='lat' dir='ltr'><strong>inser·</strong></span> 
     </span>
     <span class='ocr_line' id='line_1_10' title="bbox 146 1347 1185 1434; baseline -0.007 -15"><span class='ocrx_word' id='word_1_65' title='bbox 146 1353 243 1419; x_wconf 82' lang='lat' dir='ltr'><strong>viant.</strong></span> <span class='ocrx_word' id='word_1_66' title='bbox 293 1348 406 1434; x_wconf 75' lang='lat' dir='ltr'><strong>»Apud</strong></span> <span class='ocrx_word' id='word_1_67' title='bbox 428 1369 500 1413; x_wconf 91' lang='lat' dir='ltr'><strong>eum</strong></span> <span class='ocrx_word' id='word_1_68' title='bbox 527 1368 593 1410; x_wconf 89' lang='lat' dir='ltr'><strong>nun</strong></span> <span class='ocrx_word' id='word_1_69' title='bbox 619 1347 685 1427; x_wconf 83' lang='lat' dir='ltr'><strong>ina,</strong></span> <span class='ocrx_word' id='word_1_70' title='bbox 712 1368 777 1410; x_wconf 89' lang='lat' dir='ltr'><strong>non</strong></span> <span class='ocrx_word' id='word_1_71' title='bbox 804 1357 986 1432; x_wconf 71' lang='lat' dir='ltr'><strong>cuiusquam</strong></span> <span class='ocrx_word' id='word_1_72' title='bbox 1013 1351 1185 1413; x_wconf 82' lang='lat' dir='ltr'><strong>auctoritaa&#39;</strong></span> 
     </span>
     <span class='ocr_line' id='line_1_11' title="bbox 145 1450 1184 1547; baseline -0.005 -27"><span class='ocrx_word' id='word_1_73' title='bbox 145 1454 301 1520; x_wconf 68' lang='lat' dir='ltr'><strong>ualebat«</strong></span> <span class='ocrx_word' id='word_1_74' title='bbox 331 1452 397 1515; x_wconf 88' lang='lat' dir='ltr'><strong>Cio.</strong></span> <span class='ocrx_word' id='word_1_75' title='bbox 419 1450 451 1512; x_wconf 92' lang='lat' dir='ltr'><strong>in</strong></span> <span class='ocrx_word' id='word_1_76' title='bbox 473 1452 609 1517; x_wconf 84' lang='lat' dir='ltr'><strong>Verrem</strong></span> <span class='ocrx_word' id='word_1_77' title='bbox 633 1450 691 1514; x_wconf 86' lang='lat' dir='ltr'><strong>Or.</strong></span> <span class='ocrx_word' id='word_1_78' title='bbox 712 1450 852 1529; x_wconf 83' lang='lat' dir='ltr'>v1‚51‚</span> <span class='ocrx_word' id='word_1_79' title='bbox 873 1456 943 1523; x_wconf 83' lang='grc'><strong>136.</strong></span> <span class='ocrx_word' id='word_1_80' title='bbox 996 1452 1096 1547; x_wconf 75' lang='lat' dir='ltr'><strong>»Quia</strong></span> <span class='ocrx_word' id='word_1_81' title='bbox 1118 1474 1184 1514; x_wconf 92' lang='lat' dir='ltr'><strong>um·</strong></span> 
     </span>
     <span class='ocr_line' id='line_1_12' title="bbox 146 1551 1184 1643; baseline 0 -24"><span class='ocrx_word' id='word_1_82' title='bbox 146 1578 241 1643; x_wconf 86' lang='lat' dir='ltr'><strong>quam</strong></span> <span class='ocrx_word' id='word_1_83' title='bbox 261 1566 346 1643; x_wconf 78' lang='lat' dir='ltr'><strong>tanta</strong></span> <span class='ocrx_word' id='word_1_84' title='bbox 366 1575 385 1615; x_wconf 88' lang='lat' dir='ltr'><strong>a</strong></span> <span class='ocrx_word' id='word_1_85' title='bbox 405 1575 557 1635; x_wconf 74' lang='lat' dir='ltr'><strong>quoquam</strong></span> <span class='ocrx_word' id='word_1_86' title='bbox 577 1551 786 1631; x_wconf 86' lang='lat' dir='ltr'><strong>contumelia,</strong></span> <span class='ocrx_word' id='word_1_87' title='bbox 814 1551 884 1636; x_wconf 82' lang='lat' dir='ltr'><strong>quie</strong></span> <span class='ocrx_word' id='word_1_88' title='bbox 905 1564 990 1617; x_wconf 87' lang='lat' dir='ltr'><strong>tanta</strong></span> <span class='ocrx_word' id='word_1_89' title='bbox 1012 1553 1184 1640; x_wconf 82' lang='lat' dir='ltr'><strong>ignominia</strong></span> 
     </span>
     <span class='ocr_line' id='line_1_13' title="bbox 144 1653 1184 1742; baseline 0.001 -22"><span class='ocrx_word' id='word_1_90' title='bbox 144 1656 278 1721; x_wconf 70' lang='lat' dir='ltr'><strong>affectus</strong></span> <span class='ocrx_word' id='word_1_91' title='bbox 300 1653 395 1719; x_wconf 78' lang='lat' dir='ltr'><strong>eat?a</strong></span> <span class='ocrx_word' id='word_1_92' title='bbox 427 1653 507 1715; x_wconf 86' lang='lat' dir='ltr'><strong>Ihid.</strong></span> <span class='ocrx_word' id='word_1_93' title='bbox 528 1653 587 1716; x_wconf 88' lang='lat' dir='ltr'><strong>Or.</strong></span> <span class='ocrx_word' id='word_1_94' title='bbox 608 1653 686 1732; x_wconf 84' lang='lat' dir='ltr'><strong>Vtt,</strong></span> <span class='ocrx_word' id='word_1_95' title='bbox 705 1656 765 1732; x_wconf 85' lang='lat'><strong>56,</strong></span> <span class='ocrx_word' id='word_1_96' title='bbox 787 1656 857 1725; x_wconf 84' lang='lat'><strong>139.</strong></span> <span class='ocrx_word' id='word_1_97' title='bbox 912 1657 1009 1719; x_wconf 82' lang='lat' dir='ltr'><strong>nErat</strong></span> <span class='ocrx_word' id='word_1_98' title='bbox 1030 1656 1184 1742; x_wconf 85' lang='lat' dir='ltr'><strong>iniquum,</strong></span> 
     </span>
     <span class='ocr_line' id='line_1_14' title="bbox 143 1752 1184 1843; baseline -0.002 -22"><span class='ocrx_word' id='word_1_99' title='bbox 143 1757 266 1821; x_wconf 88' lang='lat' dir='ltr'><strong>homini</strong></span> <span class='ocrx_word' id='word_1_100' title='bbox 287 1755 491 1839; x_wconf 73' lang='lat' dir='ltr'><strong>proscripto,</strong></span> <span class='ocrx_word' id='word_1_101' title='bbox 520 1755 644 1838; x_wconf 80' lang='lat' dir='ltr'><strong>egenti,</strong></span> <span class='ocrx_word' id='word_1_102' title='bbox 674 1755 715 1816; x_wconf 88' lang='lat' dir='ltr'><strong>de</strong></span> <span class='ocrx_word' id='word_1_103' title='bbox 737 1752 885 1818; x_wconf 82' lang='lat' dir='ltr'><strong>{raternia</strong></span> <span class='ocrx_word' id='word_1_104' title='bbox 906 1755 998 1819; x_wconf 78' lang='lat' dir='ltr'><strong>honis</strong></span> <span class='ocrx_word' id='word_1_105' title='bbox 1019 1770 1184 1843; x_wconf 68' lang='lat' dir='ltr'><strong>qumquam</strong></span> 
     </span>
     <span class='ocr_line' id='line_1_15' title="bbox 144 1855 1183 1942; baseline 0.002 -19"><span class='ocrx_word' id='word_1_106' title='bbox 144 1858 244 1923; x_wconf 76' lang='lat' dir='ltr'><strong>daria</strong></span> <span class='ocrx_word' id='word_1_107' title='bbox 273 1856 320 1920; x_wconf 87' lang='lat' dir='ltr'><strong>lb.</strong></span> <span class='ocrx_word' id='word_1_108' title='bbox 343 1855 401 1919; x_wconf 81' lang='lat' dir='ltr'><strong>Or.</strong></span> <span class='ocrx_word' id='word_1_109' title='bbox 423 1855 559 1937; x_wconf 75' lang='lat' dir='ltr'>V1‚47‚</span> <span class='ocrx_word' id='word_1_110' title='bbox 581 1858 652 1927; x_wconf 75' lang='lat'><strong>123.</strong></span> <span class='ocrx_word' id='word_1_111' title='bbox 706 1855 819 1919; x_wconf 84' lang='lat' dir='ltr'><strong>nPriua</strong></span> <span class='ocrx_word' id='word_1_112' title='bbox 839 1856 979 1923; x_wconf 79' lang='lat' dir='ltr'><strong>coniecit</strong></span> <span class='ocrx_word' id='word_1_113' title='bbox 998 1861 1183 1942; x_wconf 82' lang='lat' dir='ltr'><strong>exercitum,</strong></span> 
     </span>
     <span class='ocr_line' id='line_1_16' title="bbox 144 1957 1181 2047; baseline 0.006 -24"><span class='ocrx_word' id='word_1_114' title='bbox 144 1983 240 2047; x_wconf 83' lang='lat' dir='ltr'><strong>quam</strong></span> <span class='ocrx_word' id='word_1_115' title='bbox 259 1969 419 2043; x_wconf 71' lang='lat' dir='ltr'><strong>quiequam</strong></span> <span class='ocrx_word' id='word_1_116' title='bbox 439 1957 501 2019; x_wconf 85' lang='lat' dir='ltr'><strong>hoe</strong></span> <span class='ocrx_word' id='word_1_117' title='bbox 525 1977 598 2021; x_wconf 87' lang='lat' dir='ltr'><strong>eum</strong></span> <span class='ocrx_word' id='word_1_118' title='bbox 618 1960 760 2045; x_wconf 81' lang='lat' dir='ltr'><strong>cogitare</strong></span> <span class='ocrx_word' id='word_1_119' title='bbox 777 1963 1018 2047; x_wconf 67' lang='lat' dir='ltr'><strong>auspicaretur«</strong></span> <span class='ocrx_word' id='word_1_120' title='bbox 1042 1965 1108 2029; x_wconf 75' lang='lat' dir='ltr'><strong>Cio</strong></span> <span class='ocrx_word' id='word_1_121' title='bbox 1122 1966 1181 2031; x_wconf 86' lang='lat' dir='ltr'><strong>Or.</strong></span> 
     </span>
     <span class='ocr_line' id='line_1_17' title="bbox 142 2059 1183 2154; baseline 0.008 -31"><span class='ocrx_word' id='word_1_122' title='bbox 142 2062 227 2127; x_wconf 91' lang='lat' dir='ltr'><strong>Phil.</strong></span> <span class='ocrx_word' id='word_1_123' title='bbox 247 2062 291 2141; x_wconf 87' lang='lat' dir='ltr'><strong>V,</strong></span> <span class='ocrx_word' id='word_1_124' title='bbox 311 2062 369 2139; x_wconf 87' lang='grc'><strong>16,</strong></span> <span class='ocrx_word' id='word_1_125' title='bbox 388 2059 439 2128; x_wconf 76' lang='grc'><strong>43.</strong></span> <span class='ocrx_word' id='word_1_126' title='bbox 491 2059 616 2154; x_wconf 76' lang='lat' dir='ltr'><strong>»Quem</strong></span> <span class='ocrx_word' id='word_1_127' title='bbox 635 2082 785 2149; x_wconf 86' lang='lat' dir='ltr'><strong>umquam</strong></span> <span class='ocrx_word' id='word_1_128' title='bbox 805 2078 976 2149; x_wconf 87' lang='lat' dir='ltr'><strong>patronum</strong></span> <span class='ocrx_word' id='word_1_129' title='bbox 997 2067 1183 2154; x_wconf 81' lang='lat' dir='ltr'><strong>adoptavit?</strong></span> 
     </span>
     <span class='ocr_line' id='line_1_18' title="bbox 68 2161 1181 2251; baseline 0.005 -25"><span class='ocrx_word' id='word_1_130' title='bbox 68 2196 73 2205; x_wconf 89' lang='lat'>·</span> <span class='ocrx_word' id='word_1_131' title='bbox 141 2166 179 2229; x_wconf 84' lang='lat' dir='ltr'><strong>si</strong></span> <span class='ocrx_word' id='word_1_132' title='bbox 207 2184 405 2248; x_wconf 78' lang='lat' dir='ltr'><strong>quemquam,</strong></span> <span class='ocrx_word' id='word_1_133' title='bbox 434 2161 545 2225; x_wconf 89' lang='lat' dir='ltr'><strong>debuit</strong></span> <span class='ocrx_word' id='word_1_134' title='bbox 572 2184 654 2228; x_wconf 73' lang='lat' dir='ltr'><strong>mear</strong></span> <span class='ocrx_word' id='word_1_135' title='bbox 694 2164 739 2227; x_wconf 90' lang='lat' dir='ltr'><strong>Id.</strong></span> <span class='ocrx_word' id='word_1_136' title='bbox 770 2164 829 2230; x_wconf 88' lang='lat' dir='ltr'><strong>Or.</strong></span> <span class='ocrx_word' id='word_1_137' title='bbox 857 2166 942 2235; x_wconf 86' lang='lat' dir='ltr'><strong>Phil.</strong></span> <span class='ocrx_word' id='word_1_138' title='bbox 971 2171 1034 2251; x_wconf 87' lang='lat' dir='ltr'><strong>Vl,</strong></span> <span class='ocrx_word' id='word_1_139' title='bbox 1061 2176 1100 2251; x_wconf 84' lang='lat'><strong>5,</strong></span> <span class='ocrx_word' id='word_1_140' title='bbox 1131 2168 1181 2243; x_wconf 85' lang='grc'><strong>14.</strong></span> 
     </span>
     <span class='ocr_line' id='line_1_19' title="bbox 143 2264 1182 2353; baseline 0.007 -23"><span class='ocrx_word' id='word_1_141' title='bbox 143 2268 264 2333; x_wconf 73' lang='lat' dir='ltr'><strong>»Citius</strong></span> <span class='ocrx_word' id='word_1_142' title='bbox 284 2264 436 2343; x_wconf 86' lang='lat' dir='ltr'><strong>dixerim,</strong></span> <span class='ocrx_word' id='word_1_143' title='bbox 457 2264 589 2328; x_wconf 78' lang='lat' dir='ltr'><strong>iaetaam</strong></span> <span class='ocrx_word' id='word_1_144' title='bbox 609 2285 645 2328; x_wconf 80' lang='lat' dir='ltr'><strong>ae</strong></span> <span class='ocrx_word' id='word_1_145' title='bbox 658 2275 800 2353; x_wconf 50' lang='lat' dir='ltr'><strong>‚aliquam</strong></span> <span class='ocrx_word' id='word_1_146' title='bbox 822 2282 858 2333; x_wconf 92' lang='lat' dir='ltr'><strong>ut</strong></span> <span class='ocrx_word' id='word_1_147' title='bbox 878 2268 977 2335; x_wconf 84' lang='lat' dir='ltr'><strong>fuiaae</strong></span> <span class='ocrx_word' id='word_1_148' title='bbox 998 2272 1030 2335; x_wconf 90' lang='lat' dir='ltr'><strong>in</strong></span> <span class='ocrx_word' id='word_1_149' title='bbox 1050 2273 1110 2337; x_wconf 84' lang='lat' dir='ltr'><strong>iata</strong></span> <span class='ocrx_word' id='word_1_150' title='bbox 1132 2293 1182 2337; x_wconf 82' lang='lat' dir='ltr'><strong>ao·</strong></span> 
     </span>
     <span class='ocr_line' id='line_1_20' title="bbox 141 2366 1181 2460; baseline 0.001 -24"><span class='ocrx_word' id='word_1_151' title='bbox 141 2372 257 2436; x_wconf 76' lang='lat' dir='ltr'><strong>dietate</strong></span> <span class='ocrx_word' id='word_1_152' title='bbox 276 2366 472 2447; x_wconf 78' lang='lat' dir='ltr'><strong>viderentur,</strong></span> <span class='ocrx_word' id='word_1_153' title='bbox 494 2366 548 2452; x_wconf 88' lang='lat' dir='ltr'><strong>qui</strong></span> <span class='ocrx_word' id='word_1_154' title='bbox 570 2366 649 2429; x_wconf 77' lang='lat' dir='ltr'><strong>socii</strong></span> <span class='ocrx_word' id='word_1_155' title='bbox 671 2389 734 2433; x_wconf 89' lang='lat' dir='ltr'><strong>uon</strong></span> <span class='ocrx_word' id='word_1_156' title='bbox 755 2368 907 2450; x_wconf 76' lang='lat' dir='ltr'><strong>fuissent,</strong></span> <span class='ocrx_word' id='word_1_157' title='bbox 928 2395 1023 2460; x_wconf 89' lang='lat' dir='ltr'><strong>quam</strong></span> <span class='ocrx_word' id='word_1_158' title='bbox 1038 2387 1075 2437; x_wconf 89' lang='lat' dir='ltr'><strong>ut</strong></span> <span class='ocrx_word' id='word_1_159' title='bbox 1093 2386 1181 2457; x_wconf 74' lang='lat' dir='ltr'><strong>quio-</strong></span> 
     </span>
     <span class='ocr_line' id='line_1_21' title="bbox 141 2467 1180 2555; baseline 0.005 -24"><span class='ocrx_word' id='word_1_160' title='bbox 141 2494 235 2555; x_wconf 75' lang='lat' dir='ltr'><strong>punna</strong></span> <span class='ocrx_word' id='word_1_161' title='bbox 261 2468 358 2531; x_wconf 86' lang='lat' dir='ltr'><strong>celari</strong></span> <span class='ocrx_word' id='word_1_162' title='bbox 384 2467 503 2548; x_wconf 77' lang='lat' dir='ltr'><strong>vellet,</strong></span> <span class='ocrx_word' id='word_1_163' title='bbox 533 2467 589 2553; x_wconf 88' lang='lat' dir='ltr'><strong>qui</strong></span> <span class='ocrx_word' id='word_1_164' title='bbox 617 2467 756 2532; x_wconf 74' lang='lat' dir='ltr'><strong>fuisset«</strong></span> <span class='ocrx_word' id='word_1_165' title='bbox 790 2471 836 2532; x_wconf 92' lang='lat' dir='ltr'><strong>ld.</strong></span> <span class='ocrx_word' id='word_1_166' title='bbox 863 2473 946 2536; x_wconf 91' lang='lat' dir='ltr'><strong>Phil.</strong></span> <span class='ocrx_word' id='word_1_167' title='bbox 976 2475 1022 2554; x_wconf 90' lang='lat'><strong>11,</strong></span> <span class='ocrx_word' id='word_1_168' title='bbox 1050 2483 1099 2545; x_wconf 91' lang='grc'><strong>11.</strong></span> <span class='ocrx_word' id='word_1_169' title='bbox 1128 2484 1180 2553; x_wconf 78' lang='lat'><strong>25.</strong></span> 
     </span>
     <span class='ocr_line' id='line_1_22' title="bbox 142 2569 1179 2659; baseline 0.007 -24"><span class='ocrx_word' id='word_1_170' title='bbox 142 2569 348 2635; x_wconf 71' lang='lat' dir='ltr'><strong>»Sine&#39;aoeiia</strong></span> <span class='ocrx_word' id='word_1_171' title='bbox 368 2589 462 2632; x_wconf 89' lang='lat' dir='ltr'><strong>nemo</strong></span> <span class='ocrx_word' id='word_1_172' title='bbox 483 2580 648 2653; x_wconf 76' lang='lat' dir='ltr'><strong>quidquam</strong></span> <span class='ocrx_word' id='word_1_173' title='bbox 668 2585 831 2637; x_wconf 71' lang='lat' dir='ltr'><strong>conatum</strong></span> <span class='ocrx_word' id='word_1_174' title='bbox 854 2575 920 2639; x_wconf 83' lang='lat' dir='ltr'><strong>cic.</strong></span> <span class='ocrx_word' id='word_1_175' title='bbox 936 2577 1025 2640; x_wconf 86' lang='lat' dir='ltr'><strong>Lael.</strong></span> <span class='ocrx_word' id='word_1_176' title='bbox 1037 2578 1106 2659; x_wconf 85' lang='lat' dir='ltr'><strong>Xll,</strong></span> <span class='ocrx_word' id='word_1_177' title='bbox 1127 2577 1179 2655; x_wconf 68' lang='lat'><strong>42,</strong></span> 
     </span>
     <span class='ocr_line' id='line_1_23' title="bbox 141 2671 1180 2768; baseline 0.009 -29"><span class='ocrx_word' id='word_1_178' title='bbox 141 2677 262 2739; x_wconf 69' lang='lat' dir='ltr'><strong>»Nemo</strong></span> <span class='ocrx_word' id='word_1_179' title='bbox 290 2671 341 2734; x_wconf 83' lang='lat' dir='ltr'><strong>vir</strong></span> <span class='ocrx_word' id='word_1_180' title='bbox 370 2692 499 2755; x_wconf 71' lang='lat' dir='ltr'><strong>magnus</strong></span> <span class='ocrx_word' id='word_1_181' title='bbox 529 2671 597 2735; x_wconf 84' lang='lat' dir='ltr'><strong>eine</strong></span> <span class='ocrx_word' id='word_1_182' title='bbox 624 2682 725 2756; x_wconf 72' lang='lat' dir='ltr'><strong>aliquo</strong></span> <span class='ocrx_word' id='word_1_183' title='bbox 753 2673 862 2741; x_wconf 82' lang='lat' dir='ltr'><strong>alssatu</strong></span> <span class='ocrx_word' id='word_1_184' title='bbox 891 2678 999 2745; x_wconf 84' lang='lat' dir='ltr'><strong>divino</strong></span> <span class='ocrx_word' id='word_1_185' title='bbox 1028 2702 1180 2768; x_wconf 89' lang='lat' dir='ltr'><strong>umquam</strong></span> 
     </span>
     <span class='ocr_line' id='line_1_24' title="bbox 139 2772 1180 2856; baseline 0.008 -15"><span class='ocrx_word' id='word_1_186' title='bbox 139 2775 231 2841; x_wconf 76' lang='lat' dir='ltr'><strong>suita</strong></span> <span class='ocrx_word' id='word_1_187' title='bbox 262 2773 328 2839; x_wconf 82' lang='lat' dir='ltr'><strong>cie.</strong></span> <span class='ocrx_word' id='word_1_188' title='bbox 349 2772 390 2837; x_wconf 92' lang='lat' dir='ltr'><strong>de</strong></span> <span class='ocrx_word' id='word_1_189' title='bbox 409 2774 480 2837; x_wconf 82' lang='lat' dir='ltr'><strong>Nat.</strong></span> <span class='ocrx_word' id='word_1_190' title='bbox 501 2774 602 2837; x_wconf 88' lang='lat' dir='ltr'><strong>Deur.</strong></span> <span class='ocrx_word' id='word_1_191' title='bbox 623 2775 669 2856; x_wconf 89' lang='lat'><strong>11,</strong></span> <span class='ocrx_word' id='word_1_192' title='bbox 692 2778 761 2847; x_wconf 84' lang='grc'><strong>167.</strong></span> <span class='ocrx_word' id='word_1_193' title='bbox 816 2779 913 2842; x_wconf 75' lang='lat' dir='ltr'><strong>»Mihi</strong></span> <span class='ocrx_word' id='word_1_194' title='bbox 932 2802 973 2845; x_wconf 88' lang='lat' dir='ltr'><strong>ne</strong></span> <span class='ocrx_word' id='word_1_195' title='bbox 996 2783 1180 2849; x_wconf 85' lang='lat' dir='ltr'><strong>diuturnum</strong></span> 
     </span>
     <span class='ocr_line' id='line_1_25' title="bbox 140 2876 1177 2966; baseline 0.008 -24"><span class='ocrx_word' id='word_1_196' title='bbox 140 2878 273 2966; x_wconf 82' lang='lat' dir='ltr'><strong>quidem</strong></span> <span class='ocrx_word' id='word_1_197' title='bbox 291 2886 457 2959; x_wconf 69' lang='lat' dir='ltr'><strong>quanquam</strong></span> <span class='ocrx_word' id='word_1_198' title='bbox 475 2876 614 2959; x_wconf 84' lang='lat' dir='ltr'><strong>videtur,</strong></span> <span class='ocrx_word' id='word_1_199' title='bbox 633 2878 665 2940; x_wconf 91' lang='lat' dir='ltr'><strong>in</strong></span> <span class='ocrx_word' id='word_1_200' title='bbox 684 2899 748 2964; x_wconf 86' lang='lat' dir='ltr'><strong>quo</strong></span> <span class='ocrx_word' id='word_1_201' title='bbox 768 2890 952 2964; x_wconf 60' lang='lat' dir='ltr'><strong>ortolanum</strong></span> <span class='ocrx_word' id='word_1_202' title='bbox 970 2896 1177 2952; x_wconf 69' lang='lat' dir='ltr'><strong>extremum«</strong></span> 
     </span>
     <span class='ocr_line' id='line_1_26' title="bbox 140 2979 1178 3077; baseline 0.007 -31"><span class='ocrx_word' id='word_1_203' title='bbox 140 2983 207 3046; x_wconf 83' lang='lat' dir='ltr'><strong>Cio.</strong></span> <span class='ocrx_word' id='word_1_204' title='bbox 228 2980 270 3043; x_wconf 89' lang='lat' dir='ltr'><strong>de</strong></span> <span class='ocrx_word' id='word_1_205' title='bbox 290 2980 416 3042; x_wconf 65' lang='lat' dir='ltr'><strong>Senect,</strong></span> <span class='ocrx_word' id='word_1_206' title='bbox 436 2979 528 3058; x_wconf 81' lang='lat' dir='ltr'><strong>xlx,</strong></span> <span class='ocrx_word' id='word_1_207' title='bbox 548 2981 601 3048; x_wconf 88' lang='grc'><strong>69.</strong></span> <span class='ocrx_word' id='word_1_208' title='bbox 651 2982 762 3077; x_wconf 74' lang='lat' dir='ltr'><strong>»Quae</strong></span> <span class='ocrx_word' id='word_1_209' title='bbox 784 3003 877 3046; x_wconf 78' lang='lat' dir='ltr'><strong>cauea</strong></span> <span class='ocrx_word' id='word_1_210' title='bbox 899 2996 963 3064; x_wconf 86' lang='lat' dir='ltr'><strong>eat,</strong></span> <span class='ocrx_word' id='word_1_211' title='bbox 992 3006 1051 3049; x_wconf 87' lang='lat' dir='ltr'><strong>nur</strong></span> <span class='ocrx_word' id='word_1_212' title='bbox 1071 2989 1178 3054; x_wconf 86' lang='lat' dir='ltr'><strong>amiei-</strong></span> 
     </span>
     <span class='ocr_line' id='line_1_27' title="bbox 138 3081 1178 3172; baseline 0.006 -22"><span class='ocrx_word' id='word_1_213' title='bbox 138 3085 216 3151; x_wconf 85' lang='lat' dir='ltr'><strong>tiam</strong></span> <span class='ocrx_word' id='word_1_214' title='bbox 242 3081 384 3147; x_wconf 77' lang='lat' dir='ltr'><strong>funditus</strong></span> <span class='ocrx_word' id='word_1_215' title='bbox 413 3081 560 3147; x_wconf 75' lang='lat' dir='ltr'><strong>tollamur</strong></span> <span class='ocrx_word' id='word_1_216' title='bbox 587 3083 709 3163; x_wconf 86' lang='lat' dir='ltr'><strong>evita,</strong></span> <span class='ocrx_word' id='word_1_217' title='bbox 741 3108 780 3150; x_wconf 85' lang='lat' dir='ltr'><strong>ne</strong></span> <span class='ocrx_word' id='word_1_218' title='bbox 800 3095 919 3168; x_wconf 74' lang='lat' dir='ltr'><strong>aliquae</strong></span> <span class='ocrx_word' id='word_1_219' title='bbox 945 3100 1080 3172; x_wconf 86' lang='lat' dir='ltr'><strong>propter</strong></span> <span class='ocrx_word' id='word_1_220' title='bbox 1107 3112 1178 3155; x_wconf 86' lang='lat' dir='ltr'><strong>aem</strong></span> 
     </span>
     <span class='ocr_line' id='line_1_28' title="bbox 138 3184 1178 3271; baseline 0.003 -22"><span class='ocrx_word' id='word_1_221' title='bbox 138 3186 345 3271; x_wconf 73' lang='lat' dir='ltr'><strong>suseipiamua</strong></span> <span class='ocrx_word' id='word_1_222' title='bbox 365 3184 572 3248; x_wconf 59' lang='lat' dir='ltr'><strong>molentium</strong></span> <span class='ocrx_word' id='word_1_223' title='bbox 597 3185 663 3249; x_wconf 79' lang='lat' dir='ltr'><strong>cic.</strong></span> <span class='ocrx_word' id='word_1_224' title='bbox 683 3186 838 3269; x_wconf 80' lang='lat' dir='ltr'><strong>dehmic.</strong></span> <span class='ocrx_word' id='word_1_225' title='bbox 853 3187 931 3267; x_wconf 83' lang='grc' dir='ltr'><strong>ΧΠ,</strong></span> <span class='ocrx_word' id='word_1_226' title='bbox 950 3184 1002 3257; x_wconf 84' lang='grc'><strong>48.</strong></span> <span class='ocrx_word' id='word_1_227' title='bbox 1044 3193 1115 3255; x_wconf 77' lang='lat' dir='ltr'><strong>»Tu</strong></span> <span class='ocrx_word' id='word_1_228' title='bbox 1130 3193 1178 3257; x_wconf 78' lang='lat' dir='ltr'><strong>eie</strong></span> 
     </span>
     <span class='ocr_line' id='line_1_29' title="bbox 137 3285 1176 3380; baseline 0.003 -26"><span class='ocrx_word' id='word_1_229' title='bbox 137 3302 171 3354; x_wconf 86' lang='lat' dir='ltr'><strong>te</strong></span> <span class='ocrx_word' id='word_1_230' title='bbox 191 3288 320 3352; x_wconf 86' lang='lat' dir='ltr'><strong>abiiciea</strong></span> <span class='ocrx_word' id='word_1_231' title='bbox 341 3298 436 3373; x_wconf 86' lang='lat' dir='ltr'><strong>atque</strong></span> <span class='ocrx_word' id='word_1_232' title='bbox 454 3299 656 3372; x_wconf 70' lang='lat' dir='ltr'><strong>prosternes,</strong></span> <span class='ocrx_word' id='word_1_233' title='bbox 678 3298 713 3349; x_wconf 88' lang='lat' dir='ltr'><strong>ut</strong></span> <span class='ocrx_word' id='word_1_234' title='bbox 732 3285 810 3347; x_wconf 85' lang='lat' dir='ltr'><strong>nihil</strong></span> <span class='ocrx_word' id='word_1_235' title='bbox 832 3286 916 3351; x_wconf 84' lang='lat' dir='ltr'><strong>inter</strong></span> <span class='ocrx_word' id='word_1_236' title='bbox 936 3301 969 3353; x_wconf 90' lang='lat' dir='ltr'><strong>te</strong></span> <span class='ocrx_word' id='word_1_237' title='bbox 991 3303 1087 3378; x_wconf 84' lang='lat' dir='ltr'><strong>atque</strong></span> <span class='ocrx_word' id='word_1_238' title='bbox 1099 3316 1176 3380; x_wconf 85' lang='lat' dir='ltr'><strong>qua·</strong></span> 
     </span>
     <span class='ocr_line' id='line_1_30' title="bbox 138 3389 1175 3476; baseline 0.006 -24"><span class='ocrx_word' id='word_1_239' title='bbox 138 3391 315 3475; x_wconf 87' lang='lat' dir='ltr'><strong>dnupedem</strong></span> <span class='ocrx_word' id='word_1_240' title='bbox 335 3401 469 3472; x_wconf 70' lang='lat' dir='ltr'><strong>aliquam</strong></span> <span class='ocrx_word' id='word_1_241' title='bbox 494 3403 587 3476; x_wconf 84' lang='lat' dir='ltr'><strong>putee</strong></span> <span class='ocrx_word' id='word_1_242' title='bbox 615 3389 812 3454; x_wconf 76' lang='lat' dir='ltr'><strong>intereaaela</strong></span> <span class='ocrx_word' id='word_1_243' title='bbox 844 3391 910 3455; x_wconf 85' lang='lat' dir='ltr'><strong>Cic.</strong></span> <span class='ocrx_word' id='word_1_244' title='bbox 929 3394 1043 3457; x_wconf 87' lang='lat' dir='ltr'><strong>Parad.</strong></span> <span class='ocrx_word' id='word_1_245' title='bbox 1063 3396 1095 3475; x_wconf 92' lang='lat' dir='ltr'><strong>I,</strong></span> <span class='ocrx_word' id='word_1_246' title='bbox 1124 3396 1175 3469; x_wconf 77' lang='grc'><strong>11.</strong></span> 
     </span>
     <span class='ocr_line' id='line_1_31' title="bbox 138 3492 1175 3579; baseline 0.004 -20"><span class='ocrx_word' id='word_1_247' title='bbox 138 3495 257 3579; x_wconf 74' lang='lat' dir='ltr'><strong>»Magia</strong></span> <span class='ocrx_word' id='word_1_248' title='bbox 277 3493 406 3577; x_wconf 78' lang='lat' dir='ltr'><strong>ingenui</strong></span> <span class='ocrx_word' id='word_1_249' title='bbox 428 3505 493 3573; x_wconf 85' lang='lat' dir='ltr'><strong>eat,</strong></span> <span class='ocrx_word' id='word_1_250' title='bbox 521 3528 563 3540; x_wconf 97' lang='lat'><em>-</em></span> <span class='ocrx_word' id='word_1_251' title='bbox 593 3514 658 3555; x_wconf 94' lang='lat' dir='ltr'><strong>non</strong></span> <span class='ocrx_word' id='word_1_252' title='bbox 678 3493 780 3555; x_wconf 79' lang='lat' dir='ltr'><strong>tolum</strong></span> <span class='ocrx_word' id='word_1_253' title='bbox 801 3492 840 3556; x_wconf 87' lang='lat' dir='ltr'><strong>ah</strong></span> <span class='ocrx_word' id='word_1_254' title='bbox 861 3503 963 3577; x_wconf 70' lang='lat' dir='ltr'><strong>aliquo</strong></span> <span class='ocrx_word' id='word_1_255' title='bbox 983 3496 1091 3560; x_wconf 79' lang='lat' dir='ltr'><strong>allatae</strong></span> <span class='ocrx_word' id='word_1_256' title='bbox 1112 3499 1175 3563; x_wconf 88' lang='lat' dir='ltr'><strong>ori·</strong></span> 
     </span>
     <span class='ocr_line' id='line_1_32' title="bbox 136 3595 1174 3688; baseline 0.002 -27"><span class='ocrx_word' id='word_1_257' title='bbox 136 3597 324 3661; x_wconf 85' lang='lat' dir='ltr'><strong>minationea</strong></span> <span class='ocrx_word' id='word_1_258' title='bbox 345 3595 526 3680; x_wconf 83' lang='lat' dir='ltr'><strong>repellere,</strong></span> <span class='ocrx_word' id='word_1_259' title='bbox 555 3595 611 3657; x_wconf 82' lang='lat' dir='ltr'><strong>aed</strong></span> <span class='ocrx_word' id='word_1_260' title='bbox 633 3614 673 3657; x_wconf 89' lang='lat' dir='ltr'><strong>ne</strong></span> <span class='ocrx_word' id='word_1_261' title='bbox 694 3595 798 3680; x_wconf 86' lang='lat' dir='ltr'><strong>ipsum</strong></span> <span class='ocrx_word' id='word_1_262' title='bbox 825 3595 954 3680; x_wconf 87' lang='lat' dir='ltr'><strong>quidem</strong></span> <span class='ocrx_word' id='word_1_263' title='bbox 982 3619 1051 3663; x_wconf 80' lang='lat' dir='ltr'><strong>eane</strong></span> <span class='ocrx_word' id='word_1_264' title='bbox 1071 3600 1174 3688; x_wconf 85' lang='lat' dir='ltr'><strong>anapi-</strong></span> 
     </span>
     <span class='ocr_line' id='line_1_33' title="bbox 137 3696 1173 3782; baseline 0.004 -20"><span class='ocrx_word' id='word_1_265' title='bbox 137 3699 279 3778; x_wconf 80' lang='lat' dir='ltr'><strong>oioaum,</strong></span> <span class='ocrx_word' id='word_1_266' title='bbox 300 3717 428 3782; x_wconf 73' lang='lat' dir='ltr'><strong>semper</strong></span> <span class='ocrx_word' id='word_1_267' title='bbox 448 3707 564 3779; x_wconf 68' lang='lat' dir='ltr'><strong>aliquid</strong></span> <span class='ocrx_word' id='word_1_268' title='bbox 583 3697 810 3761; x_wconf 72' lang='lat' dir='ltr'><strong>existimantem</strong></span> <span class='ocrx_word' id='word_1_269' title='bbox 834 3696 873 3761; x_wconf 84' lang='lat' dir='ltr'><strong>eb</strong></span> <span class='ocrx_word' id='word_1_270' title='bbox 895 3699 997 3763; x_wconf 91' lang='lat' dir='ltr'><strong>amico</strong></span> <span class='ocrx_word' id='word_1_271' title='bbox 1019 3721 1089 3765; x_wconf 74' lang='lat' dir='ltr'><strong>eoae</strong></span> <span class='ocrx_word' id='word_1_272' title='bbox 1104 3701 1173 3765; x_wconf 85' lang='lat' dir='ltr'><strong>vio·</strong></span> 
     </span>
     <span class='ocr_line' id='line_1_34' title="bbox 100 3798 1172 3878; baseline 0.003 -14"><span class='ocrx_word' id='word_1_273' title='bbox 100 3820 104 3825; x_wconf 89' lang='lat'>·</span> <span class='ocrx_word' id='word_1_274' title='bbox 134 3801 264 3864; x_wconf 71' lang='lat' dir='ltr'><strong>latum«</strong></span> <span class='ocrx_word' id='word_1_275' title='bbox 294 3799 340 3861; x_wconf 92' lang='lat' dir='ltr'><strong>ld.</strong></span> <span class='ocrx_word' id='word_1_276' title='bbox 362 3800 402 3862; x_wconf 87' lang='lat' dir='ltr'><strong>de</strong></span> <span class='ocrx_word' id='word_1_277' title='bbox 420 3798 523 3861; x_wconf 83' lang='lat' dir='ltr'><strong>Amic.</strong></span> <span class='ocrx_word' id='word_1_278' title='bbox 542 3799 633 3878; x_wconf 85' lang='lat' dir='ltr'><strong>Xlll,</strong></span> <span class='ocrx_word' id='word_1_279' title='bbox 652 3798 703 3870; x_wconf 78' lang='grc'><strong>47.</strong></span> <span class='ocrx_word' id='word_1_280' title='bbox 747 3803 917 3864; x_wconf 68' lang='lat' dir='ltr'><strong>»Potestne</strong></span> <span class='ocrx_word' id='word_1_281' title='bbox 938 3800 997 3863; x_wconf 91' lang='lat' dir='ltr'><strong>tihi</strong></span> <span class='ocrx_word' id='word_1_282' title='bbox 1017 3837 1059 3850; x_wconf 94' lang='grc'><strong>--</strong></span> <span class='ocrx_word' id='word_1_283' title='bbox 1079 3802 1172 3867; x_wconf 83' lang='lat' dir='ltr'><strong>huiua</strong></span> 
     </span>
     <span class='ocr_line' id='line_1_35' title="bbox 137 3901 1226 3986; baseline 0.003 -22"><span class='ocrx_word' id='word_1_284' title='bbox 137 3902 220 3965; x_wconf 87' lang='lat' dir='ltr'><strong>coeli</strong></span> <span class='ocrx_word' id='word_1_285' title='bbox 240 3901 371 3986; x_wconf 79' lang='lat' dir='ltr'><strong>spiritua</strong></span> <span class='ocrx_word' id='word_1_286' title='bbox 393 3921 462 3965; x_wconf 83' lang='lat' dir='ltr'><strong>eane</strong></span> <span class='ocrx_word' id='word_1_287' title='bbox 484 3901 657 3981; x_wconf 78' lang='lat' dir='ltr'><strong>iucundus,</strong></span> <span class='ocrx_word' id='word_1_288' title='bbox 679 3923 750 3967; x_wconf 86' lang='lat' dir='ltr'><strong>enm</strong></span> <span class='ocrx_word' id='word_1_289' title='bbox 770 3905 850 3968; x_wconf 77' lang='lat' dir='ltr'><strong>scias</strong></span> <span class='ocrx_word' id='word_1_290' title='bbox 868 3938 910 3953; x_wconf 87' lang='lat'><strong>--</strong></span> <span class='ocrx_word' id='word_1_291' title='bbox 929 3904 1045 3967; x_wconf 77' lang='lat' dir='ltr'><strong>meten·</strong></span> <span class='ocrx_word' id='word_1_292' title='bbox 1065 3926 1103 3969; x_wconf 90' lang='lat' dir='ltr'><strong>ac</strong></span> <span class='ocrx_word' id='word_1_293' title='bbox 1123 3905 1172 3967; x_wconf 84' lang='lat' dir='ltr'><strong>fu·</strong></span> <span class='ocrx_word' id='word_1_294' title='bbox 1219 3912 1226 3925; x_wconf 90' lang='lat'><em>&#39;</em></span> 
     </span>
    </p>
   </div>
   <div class='ocr_carea' id='block_1_3' title="bbox 41 4005 1171 4091">
    <p class='ocr_par' dir='ltr' id='par_1_3' title="bbox 41 4005 1171 4091">
     <span class='ocr_line' id='line_1_36' title="bbox 41 4005 1171 4091; baseline 0.002 -24"><span class='ocrx_word' id='word_1_295' title='bbox 41 4084 44 4091; x_wconf 25' lang='grc' dir='ltr'>Ι</span> <span class='ocrx_word' id='word_1_296' title='bbox 135 4005 204 4067; x_wconf 88' lang='lat' dir='ltr'><strong>rori</strong></span> <span class='ocrx_word' id='word_1_297' title='bbox 232 4017 287 4067; x_wconf 89' lang='lat' dir='ltr'><strong>tuo</strong></span> <span class='ocrx_word' id='word_1_298' title='bbox 308 4028 372 4071; x_wconf 84' lang='lat' dir='ltr'><strong>nnn</strong></span> <span class='ocrx_word' id='word_1_299' title='bbox 398 4018 537 4069; x_wconf 89' lang='lat' dir='ltr'><strong>mentem</strong></span> <span class='ocrx_word' id='word_1_300' title='bbox 562 4014 696 4087; x_wconf 75' lang='lat' dir='ltr'><strong>aliquant</strong></span> <span class='ocrx_word' id='word_1_301' title='bbox 722 4018 777 4069; x_wconf 89' lang='lat' dir='ltr'><strong>aut</strong></span> <span class='ocrx_word' id='word_1_302' title='bbox 801 4007 951 4069; x_wconf 86' lang='lat' dir='ltr'><strong>timorem</strong></span> <span class='ocrx_word' id='word_1_303' title='bbox 977 4019 1085 4087; x_wconf 90' lang='lat' dir='ltr'><strong>tuum,</strong></span> <span class='ocrx_word' id='word_1_304' title='bbox 1113 4008 1171 4069; x_wconf 83' lang='lat' dir='ltr'><strong>aed</strong></span> 
     </span>
    </p>
   </div>
   <div class='ocr_carea' id='block_1_4' title="bbox 128 4094 1170 4190">
    <p class='ocr_par' dir='ltr' id='par_1_4' title="bbox 128 4094 1170 4190">
     <span class='ocr_line' id='line_1_37' title="bbox 128 4094 1170 4190; baseline 0.003 -21"><span class='ocrx_word' id='word_1_305' title='bbox 128 4104 296 4187; x_wconf 66' lang='lat' dir='ltr'><strong>⁸fortunam</strong></span> <span class='ocrx_word' id='word_1_306' title='bbox 322 4108 360 4169; x_wconf 91' lang='lat' dir='ltr'><strong>P.</strong></span> <span class='ocrx_word' id='word_1_307' title='bbox 387 4108 427 4170; x_wconf 83' lang='lat' dir='ltr'><strong>ll.</strong></span> <span class='ocrx_word' id='word_1_308' title='bbox 455 4105 664 4173; x_wconf 73' lang='lat' dir='ltr'><strong>obnitimta</strong></span> <span class='ocrx_word' id='word_1_309' title='bbox 715 4109 781 4173; x_wconf 84' lang='lat' dir='ltr'><strong>cie.</strong></span> <span class='ocrx_word' id='word_1_310' title='bbox 807 4106 841 4171; x_wconf 86' lang='lat' dir='ltr'><strong>iu</strong></span> <span class='ocrx_word' id='word_1_311' title='bbox 868 4107 960 4173; x_wconf 87' lang='lat' dir='ltr'><strong>Catil.</strong></span> <span class='ocrx_word' id='word_1_312' title='bbox 988 4094 1023 4190; x_wconf 83' lang='lat' dir='ltr'><strong>l,</strong></span> <span class='ocrx_word' id='word_1_313' title='bbox 1050 4109 1089 4189; x_wconf 85' lang='lat'><strong>6,</strong></span> <span class='ocrx_word' id='word_1_314' title='bbox 1121 4112 1170 4181; x_wconf 84' lang='lat'><strong>15.</strong></span> 
     </span>
    </p>
   </div>
   <div class='ocr_carea' id='block_1_5' title="bbox 0 0 1312 4814">
    <p class='ocr_par' dir='ltr' id='par_1_5' title="bbox 0 0 1312 4814">
     <span class='ocr_line' id='line_1_38' title="bbox 0 0 1312 4814; baseline 0 4"><span class='ocrx_word' id='word_1_315' title='bbox 0 0 1312 4814; x_wconf 95' lang='lat' dir='ltr'><strong> </strong></span> 
     </span>
    </p>
   </div>
  </div>
 </body>
</html>
