2616 4814
452 394 850 471 affluamuuaaaa.
1121 394 1176 454 aaa

131 562 233 629 scindi
261 562 332 625 iure
358 580 422 625 uon
442 559 553 646 possit.
587 558 654 623 Cic.
673 582 735 646 pro
756 562 795 624 A.
817 559 953 624 Caecius
974 557 1034 640 14,
1053 560 1106 631 40.
1133 598 1176 613 -

130 674 253 748 Aliquis
282 677 392 729 contra
411 683 477 727 uon
496 663 601 727 solum
621 663 784 747 reperitur
812 683 886 726 cum
908 664 1079 746 negatione
1100 684 1175 727 con·

131 769 291 851 iunctum,
324 786 352 830 e.
374 787 405 851 g.
438 766 504 862 Qui
531 764 594 829 hoc
624 765 803 849 disputant,
836 767 864 828 si
894 765 927 827 id
954 766 1081 844 dicunt,
1112 791 1177 834 nors

130 884 220 936 recte
242 880 359 952 aliqum
380 881 520 932 statuere
539 887 612 948 eos,
634 869 690 952 qui
712 868 935 931 consulantnrz
957 888 1021 930 non
1041 868 1105 930 hoe
1122 869 1177 932 de·

129 972 208 1037 baut
228 972 339 1035 dicere
360 983 419 1035 etc.
449 970 516 1033 Cic.
537 990 599 1055 pro
620 971 658 1031 A.
681 969 815 1032 Caecina
834 970 896 1050 24,
916 972 977 1048 683
1006 968 1177 1036 sedetiam

129 1076 163 1137 in
185 1075 253 1137 eius
277 1073 402 1159 generis
424 1070 747 1156 interrogationibus,
780 1094 915 1158 quarum
937 1094 1035 1156 supra
1056 1072 1175 1138 mentio

129 1175 214 1241 facta
241 1189 309 1258 est,
342 1177 526 1264 etquidem
547 1176 607 1254 ita,
638 1187 675 1237 ut
701 1175 736 1237 iu
756 1176 867 1239 eadem
894 1177 1049 1240 sententia
1079 1177 1177 1241 modo

130 1290 259 1364 utputa,
281 1279 379 1341 modo
399 1290 561 1362 quisquam
582 1275 756 1340 adhibitum
778 1278 837 1358 sit,
867 1299 896 1341 e.
918 1299 948 1363 g.
971 1282 1085 1342 Utrum
1107 1300 1178 1363 gra·

130 1383 202 1449 vius
222 1392 339 1465 aliquid
355 1381 388 1443 in
410 1364 592 1465 quempiam
612 1377 676 1441 diei
692 1391 818 1463 potest,
840 1400 936 1464 quam
956 1381 997 1443 ad
1015 1379 1178 1443 hominem

131 1483 406 1548 condemnandum
434 1519 476 1531 -
503 1481 675 1545 adductum
701 1483 807 1567 pretio
837 1482 937 1546 esse?
977 1486 1028 1546 An
1059 1484 1178 1547 certius

130 1599 296 1670 quanquam
317 1585 415 1655 obiici
434 1595 560 1668 potest,
582 1604 676 1668 quam
698 1586 786 1669 quod
809 1585 854 1666 ia,
876 1586 929 1649 cui
950 1586 1116 1667 obiicitur,
1136 1606 1178 1651 ne

130 1702 211 1753 nutu
232 1688 363 1774 quidem
385 1685 547 1749 infirmare
569 1688 726 1749 conatur?
749 1688 815 1751 Cic.
836 1709 898 1772 pro
918 1691 958 1750 A.
975 1689 1104 1752 Caecin.
1126 1694 1179 1768 10,

128 1794 181 1862 29.
211 1825 253 1837 -
280 1792 327 1851 lta
349 1787 463 1849 Cicero
486 1799 560 1867 post
579 1789 780 1868 negationem
807 1809 936 1873 quoque
955 1790 1095 1872 primum
1115 1798 1178 1855 oli-

130 1901 201 1974 qtu'a
229 1891 262 1954 'ot
290 1886 406 1949 deinde
432 1895 516 1951 ullus
545 1887 653 1969 posuit
682 1887 714 1948 in
737 1888 895 1951 Oratione
916 1891 955 1950 X.
986 1889 1019 1951 iu
1039 1892 1178 1957 Verrem

132 1996 204 2079 (62,
226 1990 320 2071 161),
353 1987 409 2051 ubi
429 1987 548 2051 haecce
569 1988 736 2072 leguntur:
771 1992 874 2051 »Turn
894 1992 1014 2057 Verres
1034 2012 1070 2055 se
1091 2012 1178 2056 com-

129 2094 255 2181 perisse
277 2092 337 2171 ait,
360 2110 434 2153 eum
454 2088 639 2175 speculandi
660 2111 752 2152 cause
774 2093 806 2152 in
818 2092 959 2154 Siciliam
980 2093 1020 2156 ab
1040 2094 1177 2159 ducibus

130 2198 341 2283 fugitivorum
362 2215 432 2257 ease
454 2193 600 2255 missum:
625 2192 714 2256 cuius
735 2192 786 2254 rei
806 2214 912 2278 neque
933 2195 1047 2275 index,
1071 2217 1178 2282 neque

130 2299 301 2385 vestigium
330 2307 469 2381 aliquod,
503 2315 609 2381 neque
638 2293 775 2377 suspicio
798 2293 946 2379 cuiquam
968 2310 1054 2360 esset
1083 2309 1177 2365 ullas

130 2404 274 2489 Adparet
295 2401 412 2485 igitur,
444 2419 501 2478 ea,
522 2419 603 2483 quae
624 2396 716 2459 nobis
738 2394 778 2458 de
796 2417 856 2458 usu
876 2398 1103 2481 pronominum
1126 2421 1179 2463 su·

130 2529 191 2593 pra
212 2502 443 2590 adpositorum,
464 2513 560 2585 atque
585 2498 625 2564 de
640 2497 835 2580 discrimine,
857 2501 944 2584 quod
960 2501 1045 2564 inter
1064 2522 1179 2566 eornm

131 2606 393 2689 significationem
413 2601 601 2679 intercedit,
630 2601 663 2661 in
684 2602 895 2684 grammaticis
915 2602 1104 2683 traduntur,
1136 2604 1179 2666 ad

131 2706 215 2768 hauc
236 2702 304 2767 re'm
326 2722 459 2787 prorsus
488 2699 722 2762 dilucidandam
742 2721 806 2763 non
828 2700 997 2781 sulficere;
1037 2716 1086 2783 et,
1114 2704 1179 2767 nisi

134 2806 239 2870 omnia
260 2823 318 2867 nos
340 2802 471 2880 fallunt,
493 2819 557 2861 non
574 2798 639 2860 nisi
660 2801 808 2884 notione,
830 2824 912 2888 quae
934 2804 1049 2889 cuique
1064 2826 1178 2868 eorum

132 2907 275 2972 subiecta
297 2917 362 2986 est,
397 2894 575 2966 accuratius
601 2916 789 2988 perspecta,
823 2904 905 2967 certi
933 2905 1054 2991 aliquid
1078 2905 1119 2970 de
1140 2926 1178 2972 ea

130 3023 237 3099 potest
258 3006 393 3073 deliniri.
488 3016 491 3021 ’
975 3010 978 3015 “

215 3111 340 3208 Quodsi
354 3110 439 3190 iam,
474 3118 562 3195 quae
577 3106 626 3172 vis
653 3105 717 3171 illia
737 3109 981 3194 pronominibus
1003 3110 1100 3193 insit,
1131 3124 1178 3178 at·

130 3215 248 3282 tentius
270 3213 495 3297 exploramus,
527 3224 640 3295 atque,
653 3212 655 3217 ’
670 3212 797 3296 quando
817 3212 969 3298 quodque
991 3234 1102 3278 eorum
1124 3216 1179 3279 ad·

131 3320 297 3396 hibentur,
319 3316 526 3402 inquirimus,
548 3314 764 3394 inveniemus,
783 3326 943 3397 quisquam
960 3330 992 3379 et
1008 3326 1091 3385 uuus
1108 3331 1178 3381 tum

73 3410 75 3415 ¹
131 3420 298 3505 usurpari,
332 3416 360 3479 si
382 3439 443 3502 qua
466 3417 640 3480 enuntiatio
662 3438 770 3481 omnes
793 3431 826 3481 et
847 3419 984 3505 singulas
1014 3422 1053 3484 ad
1079 3442 1178 3484 unum

133 3520 263 3608 aliquod
285 3539 383 3604 genua
405 3518 602 3601 pertinentes
624 3539 676 3581 res
695 3521 782 3600 aive,
813 3542 896 3605 quae
924 3524 1034 3585 vocari
1062 3524 1200 3604 solent,'

134 3622 296 3687 individua
314 3632 456 3705 spectat,
479 3620 532 3682 vel
553 3619 580 3681 si
595 3620 636 3682 de
649 3642 686 3684 re
700 3621 805 3707 aliqua
821 3625 970 3688 universa
987 3642 1093 3685 sermo
1110 3637 1158 3688 est
1164 3646 1175 3703 3

134 3736 245 3810 Minuta
266 3744 357 3803 vero,
379 3722 406 3784 si
428 3722 468 3784 de
490 3721 678 3807 quibusdam
697 3724 805 3803 modo,
825 3727 864 3787 ad
887 3724 1018 3788 eandem
1035 3726 1177 3808 speciem

134 3827 384 3915 pertinentibus,
416 3823 501 3888 haud
521 3845 600 3889 uero
629 3826 804 3887 accuratius
834 3824 971 3889 delinitis
1000 3825 1097 3890 rebus
1122 3843 1177 3894 aut

134 3930 315 3994 hominibus
329 3928 507 4014 loquimur:
528 3936 651 4010 puidam
665 3925 802 4010 denique
816 3939 882 3990 tum
894 3928 1078 4012 ponendum
1094 3949 1176 4012 esse,

136 4032 163 4094 si
182 4032 223 4094 do
244 4028 339 4095 certia
359 4029 490 4114 quidem
510 4028 666 4115 uobisque
687 4027 822 4113 cognitis
842 4030 939 4094 rebus
952 4032 1177 4098 hominibusre

137 4132 257 4219 aliquid
285 4131 501 4217 mundemus,
535 4150 716 4217 quaerero
746 4133 922 4221 asporatius
951 4132 1093 4199 indicare
1110 4155 1176 4198 nou
