2616 4814
173 423 226 477 118
330 419 365 473 V.
401 422 440 473 De
455 420 577 488 partium
595 417 724 482 orationis
743 417 831 470 indole
849 423 929 484 alque
946 420 1057 468 nutura.

173 596 313 647 mentum
340 582 501 667 posterior
528 581 621 644 nobis
650 579 780 645 exhibet
809 578 933 661 lingua,
965 577 998 638 in
1029 598 1091 661 qua
1118 577 1215 640 etiam

173 686 252 750 eliae
273 683 537 769 praepositiones,
559 703 586 745 e.
609 703 639 766 g.
662 692 738 767 con,
756 693 806 767 in,
826 705 881 767 su,
899 703 966 764 per,
987 679 1021 741 in
1041 689 1105 764 nol,
1128 688 1215 763 cous,

171 796 267 872 nelln,
288 796 354 872 sul,
370 796 437 869 pel,
466 792 522 869 ου’,
544 795 638 869 copti,
657 794 751 868 nelle,
772 789 831 868 ια’,
857 789 917 867 pe',
950 781 1062 847 eadem
1089 781 1214 844 ratione

173 908 244 951 cum
268 887 401 951 articulo
424 886 514 949 linito
537 887 722 951 coniunctae
743 899 825 950 sunt.

250 990 285 1050 In
306 989 473 1072 permultis
496 989 611 1072 linguis
632 989 885 1074 praepositiones
908 1007 1037 1053 casuum
1055 983 1125 1049 viee
1143 983 1214 1048 sun·

171 1103 304 1175 guntur3
335 1103 368 1154 et
387 1088 536 1174 profecto
557 1091 620 1153 illis
642 1090 719 1174 ipsis
740 1090 874 1174 linguis,
894 1090 927 1151 in
949 1089 1064 1174 quibus
1086 1089 1213 1150 nomine

170 1213 230 1276 per
257 1213 345 1255 casus
373 1190 562 1270 flectuntur,
602 1205 638 1254 ut
668 1213 776 1255 omnes
806 1192 971 1254 notionum
1008 1191 1214 1253 substantivis

169 1294 383 1358 subiectarum
404 1294 574 1357 relationes
597 1307 742 1356 accurata
764 1306 799 1356 ct
821 1293 990 1379 perspicua
1011 1293 1136 1355 ratione
1159 1293 1213 1356 de·

170 1397 345 1478 signentur,
367 1396 406 1457 ael
429 1416 481 1458 eas
503 1394 749 1479 confugiendum
769 1409 827 1458 est.
869 1395 995 1488 Quodsi
1010 1416 1139 1457 casuum
1156 1417 1214 1457 nu·

170 1519 278 1562 merus
300 1499 332 1560 in
353 1519 542 1583 unaquaque
564 1498 672 1580 lingua
693 1497 795 1562 varias
817 1498 908 1578 illas,
932 1517 1015 1582 quae
1033 1498 1117 1559 inter
1139 1497 1214 1559 sub·

80 1666 84 1689 Ι
169 1600 302 1663 stantiva'
324 1611 356 1662 ct
374 1600 515 1686 reliquas
537 1599 689 1663 orationis
709 1614 834 1684 partes,
861 1599 1038 1684 exquibus
1060 1599 1115 1663 illa
1136 1621 1213 1683 pen·

170 1701 248 1764 dero
276 1714 426 1785 possunt,
460 1702 678 1781 intercedunt,
709 1702 879 1764 relationes
909 1714 1078 1785 aequaret,
1116 1702 1212 1764 nullia

169 1803 317 1888 profecto
340 1824 420 1889 opus
444 1817 529 1868 esset
549 1802 838 1888 praepositionibus
845 1823 856 1882 ;
878 1815 1004 1867 atvero
1021 1824 1119 1887 quum
1135 1803 1212 1864 mul.

61 1960 66 1973 .
169 1905 271 1969 titudo
292 1906 469 1970 formarum
490 1918 558 1968 tum
579 1904 831 1968 necessariarum
846 1904 1033 1967 memoriam
1048 1903 1213 1986 obrueret,

169 2008 297 2070 omnino
325 2007 487 2070 latendum
515 2020 580 2086 est,
612 2009 887 2092 praepositionum
913 2008 1128 2076 accessionem
1153 2010 1213 2073 lin·

169 2112 239 2195 guis
261 2112 431 2174 maximam
454 2109 605 2172 adtulisse
626 2109 794 2174 utilitatem
809 2113 852 2192 ¹).

247 2213 525 2298 Praepositionum
554 2212 652 2295 igitur
682 2233 744 2294 ope
775 2212 921 2276 diversae
949 2203 1117 2279 notionum
1137 2215 1213 2278 suls·
1248 2232 1252 2239 ’

168 2315 311 2379 stantivis
334 2314 636 2398 comprehensarum
657 2314 830 2375 relationes
853 2316 906 2379 vel
922 2315 1062 2394 omnino,
1084 2318 1137 2381 vel
1152 2318 1212 2380 sal·

167 2429 232 2480 tem
255 2416 433 2477 accuratius
456 2415 676 2495 designantem
703 2426 735 2477 et
756 2436 854 2498 quum
875 2414 934 2477 hac
955 2416 1080 2479 ratione
1102 2439 1212 2482 earum

167 2516 216 2580 vis
237 2527 268 2577 et
289 2514 390 2577 virtus
411 2514 549 2576 similem
570 2536 680 2606 usum,
703 2529 737 2578 ut
760 2537 869 2595 casus,
890 2516 1024 2599 habeat,
1050 2518 1144 2601 facile
1166 2523 1212 2584 in·

167 2616 332 2700 telligitur,
353 2636 452 2700 quare
473 2616 505 2677 in
529 2616 574 2677 eis
592 2616 724 2700 linguis,
746 2616 777 2677 in
796 2617 910 2703 quibus
928 2620 1121 2684 substantiva
1137 2622 1214 2688 ssec-

167 2729 296 2796 tuntur,
322 2737 411 2780 cesus
434 2718 472 2779 ab
496 2719 571 2802 ipsis
593 2720 663 2802 rogi
684 2720 839 2781 dicantur.
864 2721 1009 2815 ‚Quibus
1031 2745 1110 2801 uero
1133 2728 1211 2789 casi-

167 2818 227 2905 lpus
247 2819 500 2904 praepositiones
521 2822 678 2907 praeponi
698 2822 840 2905 possint,
860 2846 925 2885 non
948 2839 1005 2904 est,
1028 2826 1116 2910 quod
1130 2830 1212 2891 mul·

78 2990 82 2999 ¹
167 2919 209 2984 tis
231 2921 420 3007 explicetur.
473 2924 732 3008 Praepositiones
755 2926 839 2988 enim
860 2928 1016 2988 rationem
1038 2948 1125 3005 eam,
1148 2953 1211 3012 qua

70 3016 76 3025 ’
161 3023 246 3108 ,quid
266 3043 306 3087 ex
327 3023 390 3087 elio
410 3025 567 3109 pendeat,
596 3025 783 3112 significant.
836 3026 1038 3090 substantiae
1057 3046 1155 3109 vero,
1182 3033 1210 3096 si

234 3288 266 3355 1)
293 3289 375 3354 „Les
394 3305 440 3341 cns
463 3289 576 3358 n’nyant
596 3289 642 3342 ete
666 3285 802 3356 imagines
831 3304 886 3356 que
911 3305 983 3358 pour
1007 3308 1140 3360 mnrqner
1165 3297 1208 3352 les

91 3421 95 3433 ,
168 3375 330 3431 differentes
355 3394 425 3432 rues
452 3379 486 3431 (lc
509 3375 635 3447 l’esprit‚
664 3393 700 3429 ou
724 3377 767 3428 les
786 3375 880 3430 divers
898 3387 1028 3448 rapport·
1046 3382 1095 3451 eles
1113 3386 1208 3451 objets

61 3488 63 3496 s
167 3472 247 3520 entre
265 3483 334 3533 eu13
354 3484 425 3537 pour
444 3468 544 3534 qu'une
562 3465 729 3535 languesct
749 3482 784 3518 en
801 3469 862 3520 etot
879 3467 914 3521 sle
931 3468 973 3521 les
987 3470 1126 3539 exprimes·
1143 3481 1207 3529 tous
1224 3472 1231 3487 ¹

166 3571 218 3624 par
237 3555 285 3608 des
304 3571 366 3620 ces,
393 3554 415 3607 il
432 3552 556 3607 faudrait
576 3570 630 3623 que
649 3555 692 3606 les
708 3563 782 3609 mota
802 3562 914 3615 cessent
933 3566 1031 3623 autaut
1056 3559 1090 3613 de
1109 3565 1208 3617 termi-

166 3644 275 3698 neisnns
294 3645 457 3721 differentes
478 3642 546 3712 qu'il
566 3660 585 3712 y
606 3644 675 3698 eds
692 3662 738 3698 ces
755 3652 895 3716 supporto.
930 3646 1015 3705 02,ss
1031 3649 1078 3720 u'y
1095 3667 1112 3705 a
1131 3654 1207 3708 vrai-

77 3775 80 3783 .
167 3735 402 3793 semblablement
423 3733 526 3801 jamnis
550 3749 587 3789 eu
612 3735 646 3787 de
664 3735 767 3806 lengun
794 3736 842 3805 qni
868 3739 917 3793 eut
935 3739 963 3791 le
980 3740 1096 3793 nombre
1113 3747 1208 3799 neees-

166 3820 240 3879 stire
259 3825 293 3877 de
313 3843 358 3879 ces
376 3823 577 3882 termineisons.
620 3825 660 3878 ce
686 3842 720 3879 ne
745 3826 833 3881 cernit
857 3827 999 3891 d'nilleurn
1025 3813 1126 3899 qn'une
1144 3852 1207 3888 sur·

166 3910 272 3984 charge
291 3932 362 3985 pour
379 3916 411 3970 lo
425 3913 578 3981 memnire,
605 3914 655 3985 qui
670 3915 789 3970 n'euroit
807 3933 898 3987 escun
914 3925 1054 3990 eventage
1074 3924 1155 3991 qu’ou
1172 3941 1207 3977 na

165 4017 197 4057 ιο
214 4019 333 4073 procuro
352 4005 433 4064 sl'uae
449 4002 574 4059 muniere
589 4004 656 4075 plus
673 4003 816 4075 siapme·
834 4006 951 4063 Gramen.
969 4009 1002 4063 ds
1018 4011 1207 4079 Part-Rom
1277 4008 1280 4020 ’

167 4091 218 4143 Ch.
235 4091 262 4146 c.
287 4111 313 4162 p.
330 4093 392 4149 44⁰.
434 4094 477 4149 (ll.
495 4094 620 4152 Silvestre
636 4095 668 4151 ‹le
685 4094 755 4164 Sacc
783 4095 901 4154 crusna
925 4097 973 4153 der
988 4099 1062 4172 alig.
1081 4100 1207 4170 smne

167 4198 193 4249 r·
211 4178 345 4255 mess·
598 4234 604 4243 ·
743 4224 748 4259 ς
804 4246 808 4257 ,
838 4206 878 4259 ·.;
915 4210 919 4217 ¹
1242 4168 1249 4186 '
