2616 4814
536 430 707 489 ementur.
725 429 772 485 lli.
904 470 909 479 .
1143 426 1181 483 dl

129 596 361 675 terminentur,
390 614 495 685 neque
523 595 607 661 ultra
635 596 703 658 eius
724 592 805 659 fines
823 592 1091 679 progrediantur,
1124 593 1182 659 vel

133 698 166 760 iu
190 719 260 761 eam
281 699 380 783 ipsam
400 700 467 764 vim
488 722 576 763 suam
598 699 688 785 quasi
709 695 921 775 transferant,
942 707 978 759 ut
994 695 1057 759 iem
1074 695 1108 756 iu
1122 694 1182 757 ba·

133 822 205 862 rum
227 802 528 865 commentationum
547 802 650 887 prima
672 800 851 863 monuimus
873 812 905 861 et
923 797 1178 883 insequentibus

132 904 309 968 accuratius
331 904 638 985 demonstrabimus,
666 900 792 980 verbis,
813 922 831 961 a
854 900 1075 987 Grammaticis
1098 921 1177 984 pro·

129 1005 202 1089 pric
230 1005 276 1068 sic
305 1006 417 1086 dictis,
449 1006 666 1089 designantur.
715 1002 824 1067 Cuivis
852 1001 954 1066 verbo
983 1001 1082 1085 igitur
1103 1002 1180 1063 sub-

122 1107 267 1186 iactum,
308 1107 395 1193 quod
422 1109 604 1187 nominant,
641 1107 710 1193 siue
740 1126 855 1167 nomen
886 1102 954 1167 eius
983 1100 1179 1175 substantiae

129 1210 286 1293 praeponi
307 1209 420 1291 debet,
456 1230 538 1294 quae
559 1210 625 1294 agit
646 1227 783 1293 suasque
810 1207 931 1270 exserit
954 1204 1037 1268 vires
1044 1228 1053 1284 3
1096 1217 1129 1269 et
1148 1206 1179 1281 si

129 1307 181 1370 his
201 1307 324 1371 viribus
343 1330 396 1373 res
417 1310 525 1396 aliqua
545 1309 709 1391 adficitur,
742 1311 810 1372 eius
832 1329 962 1395 quoque
983 1328 1098 1375 nomen
1120 1306 1174 1371 ad·

131 1410 225 1471 datur
244 1430 376 1473 necesse
398 1425 455 1475 est.
497 1414 669 1496 Duplicem
691 1432 770 1477 vero
792 1412 877 1474 inter
901 1430 955 1473 eas
977 1410 1179 1491 substantias,

131 1533 213 1597 quae
234 1512 320 1577 vires
343 1526 511 1592 exserunt,
532 1514 687 1599 illasque,
710 1535 792 1600 quae
812 1513 862 1575 his
884 1512 1008 1575 viribus
1027 1510 1179 1574 adliciun-

130 1627 201 1694 tur,
235 1627 268 1678 et
296 1614 336 1677 ad
363 1637 441 1700 quaa
469 1617 559 1701 ipsae
588 1615 791 1697 releruntur,
824 1615 1078 1679 animadvertere
1100 1614 1179 1677 licet

130 1717 320 1779 relationem
341 1717 610 1782 intercedentem:
641 1716 717 1781 illae
736 1717 888 1779 nimirum
909 1716 1100 1780 substantiae
1121 1716 1178 1779 rel

130 1818 164 1881 in
185 1817 241 1882 bas
262 1820 345 1905 ipsas
366 1835 481 1905 agunt,
503 1821 557 1883 vel
579 1842 631 1883 cas
650 1819 806 1883 indirecta
825 1831 947 1880 tantum
961 1816 1175 1880 adficiuntra-

130 1921 239 2000 tione,
259 1921 292 1983 in
310 1942 420 1984 earum
442 1922 538 1985 modo
560 1921 695 2006 gratiam
717 1918 891 1983 efficaciam
912 1940 1001 1980 suam
1022 1916 1177 1981 exbiben-

130 2036 198 2102 tes,
219 2023 273 2086 vel
294 2025 379 2087 vires
400 2046 471 2087 suas
492 2024 535 2087 ita
553 2035 754 2103 exserentes,
774 2035 810 2085 ut
823 2021 984 2106 quoddam
1000 2020 1075 2082 inde
1092 2039 1180 2081 cmo·

72 2198 75 2205 Ι
128 2125 308 2199 ιΙιιιιιειιῑιιιιι
330 2127 521 2189 damnumve
541 2125 573 2186 in
596 2125 671 2185 istas
691 2124 867 2209 redundet3
908 2121 990 2183 hanc
1019 2141 1098 2183 vero
1119 2118 1181 2181 du·

131 2225 251 2311 plicam
272 2226 461 2289 relationem
483 2226 516 2289 in
543 2248 604 2290 uua
625 2224 802 2308 eademque
829 2222 984 2287 sententia
1009 2220 1103 2283 simul
1123 2240 1181 2285 ex·

131 2341 217 2391 stare
244 2348 358 2413 posse,
398 2329 538 2414 ideoque
566 2327 662 2392 etiam
690 2325 829 2411 exprimi
856 2324 994 2405 debere,
1031 2344 1097 2387 uon
1127 2334 1179 2389 est

133 2430 219 2515 quod
240 2451 396 2493 moneam.
953 2430 958 2437 '

153 2550 155 2555 ·
214 2533 280 2594 Nos
311 2531 467 2595 adtentius
501 2552 612 2596 rerum
640 2544 785 2595 naturam
799 2529 1041 2613 investigantes
1076 2527 1180 2591 latere

133 2653 199 2697 uon
212 2645 331 2716 potest,
351 2633 526 2715 permultas
547 2634 580 2693 in
598 2633 638 2694 iis
657 2651 832 2695 occurrere
849 2630 1014 2717 qualitates
1032 2628 1076 2691 ita
1091 2648 1181 2693 coru·-

135 2746 279 2817 paratas,
299 2746 335 2793 ut
355 2750 487 2816 semper·
504 2732 544 2793 ad
565 2733 657 2794 aliam
677 2746 911 2817 praeteream,
932 2734 985 2797 cui
1000 2731 1181 2811 inhaerent,

137 2832 344 2897 substantiam
364 2830 552 2893 referendae
573 2832 652 2909 sint3
686 2854 750 2917 quo
771 2833 901 2919 quidem
922 2832 976 2913 lit,
997 2846 1179 2914 uteorum,

138 2957 220 3023 quae
236 2934 306 2997 illas
323 2931 518 3017 significant,
537 2932 768 2996 adiectivorum
788 2955 896 2997 sensus
909 2955 973 2996 non
989 2934 1049 2996 nisi
1071 2935 1178 2999 addito

134 3035 445 3103 buius'substantiae
468 3032 596 3096 uomina
615 3035 715 3118 plane
732 3037 891 3120 adpareat.
942 3036 1029 3122 luter
1049 3036 1105 3101 illa
1125 3036 1179 3103 ad·

134 3142 251 3205 iectiva
272 3140 370 3223 igitur
392 3137 541 3215 ethaeo,
563 3158 645 3221 quae
663 3138 709 3201 eis
726 3138 956 3221 adiunguntur,
975 3138 1180 3223 substantiva,

133 3243 190 3307 vel
210 3243 317 3328 potius
340 3242 425 3302 inter
447 3238 594 3301 notiones
623 3238 672 3300 bis
693 3239 887 3302 dictionibus
909 3261 1075 3325 expressas
1097 3245 1180 3308 rela-

133 3345 183 3409 tio
205 3345 359 3430 quaedam
380 3342 558 3405 interoedat
572 3360 711 3403 necesae
731 3338 789 3405 esa
861 3366 864 3371 ·

140 3438 144 3444 ’
220 3446 264 3521 At
292 3464 371 3508 vero
393 3442 487 3507 etiam
514 3462 568 3505 res
599 3442 667 3505 sive
693 3443 884 3509 substantiae
904 3444 1011 3532 ipsae,
1043 3468 1180 3533 quarum

137 3550 264 3615 nomina
287 3572 304 3612 a
326 3534 547 3612 Grammaticis
568 3545 760 3610 substantiva
781 3547 937 3632 adpellata
958 3562 1047 3627 sunt,
1074 3551 1182 3614 diver·

139 3655 267 3719 cissimis
289 3653 374 3715 inter
394 3672 429 3713 se
450 3650 576 3712 iunctae
598 3664 667 3711 esse
687 3660 819 3732 possunt
840 3648 1059 3726 relationibus,
1072 3672 1181 3734 ⁸quum

138 3759 194 3822 uel
212 3779 275 3821 una
295 3755 335 3816 ab
358 3746 673 3837 altera·processcrit
692 3750 829 3836 indeque
858 3753 1014 3834 originem
1037 3755 1181 3834 traxerit,

104 3900 107 3907 ·
141 3862 197 3924 tel
217 3870 341 3943 partem
364 3856 433 3919 eius
462 3874 536 3916 cum
563 3852 633 3939 ipsa
660 3853 762 3917 adhuc
783 3854 981 3935 coniunctam
1002 3857 1183 3939 constituat,

140 3959 340 4024 retinetur
361 3956 561 4041 possessione
581 3955 641 4036 sit,
663 3957 716 4023 vel
736 3968 882 4037 tempore
903 3965 935 4014 et
956 3954 1028 4018 loeo
1050 3958 1091 4019 ad
1112 3982 1182 4025 eam

141 4059 320 4127 referitura
342 4071 416 4121 sunt
433 4076 566 4145 quoque
586 4056 794 4130 substantiae,
815 4070 897 4138 quae
917 4055 1049 4139 quidem
1067 4061 1108 4125 ab
1125 4063 1185 4125 alia

140 4152 287 4255 paradella
307 4158 540 4251 processerint,
554 4158 924 4253 ‘haudquaquam-:rora
948 4158 1012 4249 ita,
1046 4179 1082 4227 ut
1111 4162 1186 4226 inde
