2616 4814
197 399 251 458 na
393 395 474 455 vnn.
507 396 1052 495 annmaammnaan

200 564 431 642 enuntiatione,
461 561 516 625 vel
536 574 574 626 ut
592 582 632 625 ex
653 564 845 648 cogitatione
869 565 940 630 aive
958 580 1067 631 noatra
1087 569 1245 655 ipsorum,

200 670 269 734 aive
289 667 441 746 aliorum,
471 685 623 749 anapeuaa
642 665 725 747 tint,
753 679 787 730 et
807 667 901 732 unice
922 681 1083 756 tamquam
1103 671 1244 756 cogitatu

200 767 415 856 proferantur.

281 870 396 934 Priora
416 869 471 932 illa
492 871 520 933 ai
541 869 718 935 accuratius
740 869 999 955 consideremus,
1020 894 1079 938 cur
1100 877 1245 941 nonnulli

202 973 399 1059 grammatici
420 973 617 1052 censuerint,
639 986 820 1057 temporum
834 975 1095 1059 significationem
1110 992 1165 1041 aut
1177 979 1248 1041 nui·

200 1080 284 1157 lam,
314 1089 370 1141 aut
395 1076 565 1140 admodum
595 1096 745 1163 parvam,
779 1076 811 1139 in
839 1079 936 1142 modo
962 1081 1166 1145 coniunctim
1197 1086 1246 1167 (et

159 1200 168 1208 ²
201 1182 344 1269 optativo
365 1179 582 1261 Graecorum,
613 1181 704 1244 onina
723 1179 831 1244 locum
851 1183 1043 1269 plerumque
1073 1184 1246 1270 imperiec-

122 1306 126 1313 ·
200 1300 269 1352 mm
289 1285 484 1351 coniunctivi
504 1285 589 1369 apud
609 1285 741 1348 Latinoa
762 1285 899 1369 obtinet)
920 1287 1042 1368 ineaaa,
1068 1286 1246 1373 perepicie·

201 1410 281 1454 mna.
324 1390 543 1478 Quaecunque
561 1388 712 1451 nimirum
732 1389 978 1473 itaponuntur,
1008 1404 1045 1456 ut
1064 1412 1104 1455 ex
1127 1394 1188 1454 alia
1209 1412 1246 1455 re

201 1496 271 1560 aiva
293 1490 507 1557 enuntiatione
527 1492 709 1575 pendeant,
729 1491 811 1555 hano
823 1513 892 1556 ram
911 1495 981 1558 aive
997 1497 1244 1559 enuntiationem

202 1598 231 1661 ai
251 1596 455 1680 respicimus,
476 1595 648 1658 etiamnum
670 1593 776 1659 futura
795 1609 869 1659 aunt
883 1610 980 1685 atqua
995 1599 1127 1663 metant:
1151 1613 1246 1686 atque

202 1698 277 1763 inde
298 1698 501 1777 factumest,
533 1710 570 1761 ut
589 1698 870 1782 illi'grnmmatici,
900 1719 998 1786 quum
1018 1703 1131 1765 necin
1153 1722 1244 1787 prae·

202 1814 293 1867 aente
314 1799 509 1865 coniunctivi
529 1820 559 1864 e.
572 1821 602 1884 g.
616 1801 805 1885 praetentio,
828 1823 888 1866 nec
901 1802 933 1866 in
950 1804 1139 1890 imperfecto
1153 1826 1244 1891 prae·

201 1908 290 1972 teniti
303 1906 457 1992 temporit
469 1904 750 1990 deprehenderent
763 1905 1043 1990 significationem,
1063 1922 1244 1995 temporum

202 2011 398 2078 notationem
425 2008 459 2072 in
489 2008 694 2073 coniunctivo
720 2028 853 2094 proraua
875 2010 1068 2096 desiderari,
1101 2011 1245 2076 adfirma-

187 2126 285 2179 rant.
333 2114 446 2197 Longe
465 2110 614 2198 profano
635 2111 748 2175 malina
775 2116 915 2177 statuunt
941 2113 983 2194 ii,
1017 2113 1091 2198 qui,
1121 2113 1248 2178 ratione

203 2215 348 2304 quamvia
369 2233 433 2277 non
455 2213 585 2276 omnino
601 2212 777 2298 explicata,
798 2214 937 2300 licetque
951 2213 984 2278 id
1000 2214 1245 2302 haudquaquam

201 2321 353 2388 univerae
372 2316 504 2394 valeat,
528 2315 633 2378 omnia
663 2315 857 2380 coniunctivi
885 2330 1032 2402 tempora
1059 2318 1099 2382 ad
1120 2331 1244 2404 tempor

202 2423 345 2486 lumrum
371 2416 534 2497 referunt,
567 2417 655 2503 quod
682 2419 849 2482 aSanctio
879 2418 998 2484 lactum
1028 2442 1097 2486 eate
1124 2422 1245 2487 inverti·

203 2546 291 2605 mua,
324 2521 432 2609 quiin
456 2541 496 2585 eo
519 2523 766 2586 demonatrando
787 2523 906 2588 multus
928 2526 1034 2608 este).
1074 2525 1246 2591 Praeclare

204 2647 285 2695 vero
304 2627 345 2689 da
363 2625 457 2687 huius
478 2625 527 2687 rei
547 2626 670 2689 ratione
689 2627 837 2715 exposuit
846 2627 1025 2709 Diaaeniua,
1045 2631 1112 2716 qui,
1132 2627 1246 2726 »Quae

204 2731 346 2818 pendent
366 2727 510 2808 aliunde,
530 2726 699 2812 inquit'2),
719 2729 871 2795 hactenus
892 2750 971 2796 vere
990 2743 1150 2794 nunaunt.
1181 2730 1247 2794 Un-

205 2835 247 2900 da
268 2843 374 2918 patet,
400 2850 481 2916 quae
502 2831 705 2903 coniunctivo
726 2834 925 2916 indicantur,
953 2832 994 2897 ad
1014 2847 1139 2919 tempus
1160 2832 1246 2898 lutu-

204 2956 278 3000 rum
289 2933 481 3019 pertinere.»
523 2934 626 3001 Verbi
643 2937 764 3000 scilicet
781 2936 894 3018 forma,
915 2958 1009 3021 quam
1024 2947 1140 3000 vocant
1152 2955 1246 3020 prae·

205 3058 279 3104 aena
307 3033 520 3115 coniunctiri,
550 3035 579 3097 ai
607 3035 648 3099 de
674 3057 712 3100 ra
740 3036 866 3100 aliunde
892 3037 1050 3121 pendente
1076 3035 1247 3102 adhibetur

206 3141 301 3227 alque
320 3136 507 3200 indicandae
527 3129 677 3216 intenuit,
703 3138 788 3200 illins
808 3136 1068 3221 significationem
1089 3141 1246 3224 temporie

205 3243 322 3323 habet,
353 3240 459 3327 quod,
490 3240 517 3303 ai
538 3260 608 3304 eam
627 3260 697 3303 rem
716 3239 886 3324 reapiciaa,
917 3238 1002 3302 unde
1032 3239 1087 3303 illa
1113 3244 1245 3324 pendet,

206 3346 350 3410 futurum
370 3355 438 3424 eat3
463 3342 502 3406 id
521 3343 609 3430 qnod
630 3341 724 3405 etiam
742 3342 776 3405 in
796 3339 1018 3427 imperfectum
1039 3341 1244 3423 coniunctivi,

206 3447 294 3512 etin
320 3446 430 3529 ipaum·
452 3444 538 3508 cadit
561 3443 749 3531 perfeetum.
802 3444 893 3537 Quae
922 3456 1028 3508 antem
1055 3444 1138 3508 inter
1165 3445 1245 3510 haec

207 3549 272 3613 dno
290 3560 435 3632 tempora
456 3545 624 3609 intercedit
644 3545 841 3626 differentia,
869 3547 948 3611 haec
968 3558 1026 3610 eat.
1072 3545 1244 3630 Imperfec-

206 3663 275 3715 tum
295 3647 489 3712 coninnctivi
511 3647 681 3712 adhibetur
698 3650 738 3712 de
752 3668 788 3711 re
800 3648 929 3712 aliunde
943 3649 1101 3733 pendente
1118 3662 1152 3712 et
1165 3662 1244 3713 tem-

154 3801 157 3807 .
208 3754 297 3839 ponit
317 3749 486 3837 praeteriti
505 3762 667 3815 momento
689 3753 795 3837 aliquo
818 3751 942 3832 futura,
963 3752 1045 3837 quae
1060 3772 1135 3814 num
1149 3771 1244 3816 even·

206 3868 276 3919 tum
295 3853 462 3934 hahuerit,
493 3853 527 3916 in
547 3854 669 3919 incerto
697 3855 906 3941 relinquitur,
936 3853 992 3919 vel
1014 3853 1108 3919 etiam
1136 3853 1177 3919 de
1199 3853 1243 3919 el·

207 3998 427 4020 m

241 4076 249 4090 ‘
275 4090 308 4159 1)
326 4108 354 4159 ρ.
369 4089 423 4144 na
437 4106 500 4158 sqq.

275 4177 307 4243 2)
326 4176 362 4232 do
377 4176 477 4247 Toup.
491 4180 524 4234 et
538 4175 616 4234 ssoh
631 4174 720 4234 Verh.
736 4175 788 4232 Gr.
804 4194 833 4248 p.
847 4175 895 4232 ut.
