2616 4814
590 1288 626 1376 1.

257 1438 1005 1568 sannanaposnnan'

582 1614 635 1653 ΑΒ

89 1652 462 1802 aranon
511 1715 1183 1853 aanocnrsro

240 1928 243 1932 .
363 1874 588 1936 GBABGAB
624 1874 846 1936 BINGUAR

534 2009 674 2048 ”0⁰03

82 2281 257 2417 Librum,
288 2352 384 2423 qnam
404 2335 574 2415 antelios,
606 2337 662 2420 qui
682 2334 782 2421 elapsi
801 2348 891 2419 sunt,
923 2350 989 2404 tres
1018 2360 1117 2413 annes

83 2444 124 2506 da
144 2455 275 2506 accentu
296 2432 438 2506 Graecae
456 2440 582 2523 linguae
604 2438 691 2502 foras
713 2439 807 2520 dedi,
834 2452 870 2504 nt
890 2444 1034 2509 omnibus
1050 2449 1115 2513 suis
1211 2508 1214 2513 .

83 2543 221 2607 numeris
250 2556 282 2607 et
310 2543 452 2627 partibus
484 2541 751 2604 absolutissimum
786 2542 1116 2634 perfectissimamque

82 2634 221 2709 reddere
241 2643 319 2705 mihi
339 2644 452 2722 lioeat,
472 2642 689 2727 maximopere
712 2657 881 2727 exoptans,
903 2666 961 2709 neo
975 2668 1116 2732 sperans,

84 2745 263 2808 ferentin
284 2744 441 2826 paucitate
462 2764 591 2821 eorum,
619 2745 675 2828 qni
695 2744 830 2810 adhaec
851 2747 1045 2813 abstrusiora
1063 2753 1115 2817 lit-

85 2861 225 2911 terarum
245 2844 347 2907 studia
368 2844 503 2906 animam
526 2845 699 2928 adplicant,
729 2846 790 2908 iam
810 2862 884 2930 post
911 2850 1010 2915 breve
1035 2866 1115 2917 tem-

82 2948 171 3033 poris
191 2946 326 3031 spatium
353 2964 469 3010 novam
492 2947 801 3032 emendatioremque
822 2949 906 3012 illias
927 2952 1026 3016 libelli
1047 2955 1114 3018 edi·

79 3051 198 3117 tionem
225 3049 259 3111 in
280 3048 385 3112 lucem
400 3049 568 3113 'emittendi
596 3062 673 3111 eura
693 3047 772 3114 mihi
791 3048 988 3133 iniungstur,
1022 3074 1113 3118 ooea·

80 3152 219 3230 sionem,
240 3171 322 3236 qnae
343 3149 421 3211 mihi
442 3170 478 3213 se
499 3150 632 3230 obtulit,
654 3150 825 3235 quaedam,
847 3152 980 3236 quaein
1000 3152 1112 3221 libello

79 3253 136 3315 illo
158 3236 348 3315 emendanda
370 3264 403 3315 et
423 3251 630 3335 corrigenda,
660 3251 786 3336 ipsique
806 3252 948 3315 addenda
969 3256 1045 3317 milri
1064 3258 1112 3321 vi·

10 3385 14 3399 ·
79 3353 213 3430 dentur,
233 3354 295 3422 iam
312 3368 396 3415 nune
416 3371 488 3416 enm
508 3353 587 3417 viris
608 3352 708 3417 doctis
727 3372 767 3415 ex
787 3366 878 3438 parta
899 3355 1008 3417 saltem
1025 3375 1111 3421 com-

78 3452 277 3531 municandi,
305 3454 515 3538 arripiendam
534 3455 664 3539 putavi3
706 3474 787 3539 qaae
808 3455 954 3539 quidem,
981 3456 1009 3516 si
1029 3474 1109 3540 opus

78 3554 158 3617 illud
179 3554 400 3640 qsralecunque
421 3569 502 3619 nove
523 3574 688 3642 umquam,
719 3574 771 3620 rna
791 3557 923 3621 fortasse
944 3559 1109 3634 exstineto,

78 3656 208 3741 dignum
228 3656 382 3721 habeatur
404 3658 562 3746 editione,
582 3681 600 3721 a
620 3658 729 3724 futuro
750 3659 872 3724 editore
892 3680 933 3723 ne
948 3660 1108 3740 negligan-

13 3814 16 3819 .
76 3769 148 3839 tur,
172 3776 266 3842 quam
285 3758 423 3822 maxima
440 3759 473 3820 in
493 3760 576 3824 votis
596 3759 709 3823 habeo.

107 3881 110 3885 ·
158 3859 301 3923 Primum
322 3880 401 3925 vero
423 3872 490 3942 est,
519 3852 606 3947 quod
633 3863 779 3927 adnotent
808 3864 847 3926 ad
873 3882 904 3941 p·
924 3854 962 3935 4,
990 3853 1106 3923 libris

75 3963 257 4047 Porphyris
277 3954 350 4054 napi
371 3960 559 4055 npeswdias
580 3968 716 4046 exarati,
746 3981 841 4050 quem
860 3960 926 4023 Cel.
947 3957 1105 4028 Villoison

78 4079 119 4123 ex
136 4063 246 4127 eodiee
265 4066 497 4149 manuseripto,
531 4069 563 4143 in
584 4065 776 4132 bibliotheca
795 4059 943 4127 Vaticana
964 4081 1105 4126 asserva·

76 4174 129 4243 to,
164 4164 245 4248 typis
272 4165 515 4232 desenlrandum
541 4168 684 4248 enavit,
716 4165 810 4228 alium
829 4156 956 4225 Parisiis
980 4173 1104 4224 exstare

885 4268 904 4329 1

1137 1876 1193 1963 *l
