2616 4814
458 422 489 459 er
504 402 705 473 penetratus
722 403 778 456 ind.
796 404 856 457 leet.

214 571 251 653 4)
292 568 410 633 Adnot.
433 566 474 631 ad
496 570 604 632 leven.
626 568 691 631 Sat.
712 569 759 649 lI,
781 569 843 639 149
864 589 935 653 sqq.
958 571 991 653 ¹)

175 674 256 737 Esse
276 670 398 757 aliquid
416 672 558 749 blancis,
580 682 613 733 et
635 670 844 735 subterranea
864 691 974 755 regna,

173 776 217 838 Et
235 785 384 853 contum,
405 785 438 835 et
459 774 562 857 stygio
583 792 675 835 ranas
696 776 728 835 in
749 774 876 857 gurgite
893 774 1011 857 nigras,

172 877 281 961 Atque
302 897 365 937 uua
386 876 523 937 transire
545 875 660 939 vadum
680 889 730 938 tot
750 876 849 937 millia
873 876 995 958 cymba,

171 979 239 1039 Nec
260 976 354 1061 pueri
374 976 528 1055 eredunt,
548 978 609 1039 nisi
630 978 684 1061 qui
705 978 845 1040 nondum
868 998 942 1040 aere
966 978 1120 1041 lavantur.

170 1077 237 1142 Sed
257 1092 293 1142 tu
314 1099 391 1143 vera
413 1092 508 1162 puta:
531 1080 645 1141 Curius
668 1080 744 1163 quid
766 1080 862 1143 sentit
882 1091 915 1141 et
937 1079 1030 1141 ambo

172 1180 365 1266 Scipiadae?
409 1181 486 1266 quid
508 1180 676 1243 Fabricius
696 1202 868 1266 manesque
888 1180 1038 1243 Camilli?

172 1283 261 1374 Quid
280 1284 452 1345 Cremerae
474 1282 558 1366 legio
579 1295 611 1345 et
631 1282 745 1346 Canms
768 1296 931 1346 consumta
952 1284 1110 1364 iuventus,

171 1389 236 1449 'Pet
256 1386 417 1449 bellorum
439 1388 579 1465 animae,
600 1388 725 1473 quoties
745 1385 820 1447 binc
844 1386 914 1448 talis
936 1386 975 1448 ad
997 1385 1070 1447 illos

171 1486 290 1548 Umbra
312 1486 424 1551 uenit?
465 1490 628 1573 Cuperent
648 1486 795 1565 lustrari,
816 1486 842 1549 si
865 1509 928 1571 que
948 1487 1100 1551 darentur

171 1588 300 1652 Sullana
321 1609 393 1653 oum
414 1591 537 1670 taedis,
559 1603 593 1654 et
613 1592 639 1653 si
659 1589 745 1651 foret
765 1589 894 1651 humida
915 1590 1035 1652 laurus.

170 1676 266 1776 illue,
286 1697 366 1757 beo!
385 1703 493 1758 miseri
512 1702 713 1757 traducimur.
755 1694 854 1753 Arma
876 1692 1005 1776 quidem
1026 1692 1110 1755 ultre

172 1792 283 1855 Litora
303 1795 459 1856 Iuvernae
480 1795 716 1876 promovimus,
739 1806 771 1856 et
790 1795 887 1856 modo
910 1807 1016 1877 captas

172 1891 333 1973 Orcadas,
355 1913 393 1955 ae
414 1894 542 1956 minima
564 1907 729 1956 contentos
751 1907 845 1955 nocte
866 1896 1053 1957 Britannos:

171 1992 236 2055 Sed
258 2016 340 2080 quae
360 2016 453 2077 nune·
465 1996 579 2080 populi
599 1996 679 2058 fiunt
699 1995 830 2058 victoris
854 1996 886 2058 in
906 1996 998 2075 urbe,

171 2098 243 2158 Non
265 2096 385 2159 faciunt
404 2097 471 2176 illi,
494 2119 573 2181 quos
597 2096 739 2158 vicimus.

128 2198 195 2261 lam
217 2199 397 2283 quaeritur,
428 2200 499 2282 quis
521 2200 563 2261 sit
583 2219 693 2261 sensus
715 2197 889 2259 verborum
910 2199 1055 2263 illorum:
1085 2212 1167 2289 illuc,

128 2306 212 2367 lieu!
231 2312 339 2367 miseri
358 2311 558 2366 traducimur.
600 2302 650 2363 Ab
671 2298 817 2361 omnibus
838 2300 966 2384 quidem
987 2303 1168 2389 interpreti·

128 2403 205 2482 bus,
229 2425 308 2489 quos
331 2426 459 2488 quoque
473 2405 609 2488 Ruperti
631 2414 783 2486 sequutus
806 2414 871 2480 est,
892 2402 935 2463 ita
959 2406 1167 2488 explicantur,

127 2520 164 2570 ut
183 2507 245 2570 sint
266 2506 452 2569 exclamatio
473 2519 588 2590 poetae
609 2505 844 2588 conquerentis,
865 2508 1037 2585 Romanos,
1059 2532 1168 2594 quam.

128 2610 177 2672 vis
198 2610 280 2671 ultra
301 2608 489 2668 Hiberniam
511 2629 596 2667 arma
618 2607 832 2687 protulerint,
860 2621 964 2671 tamen
985 2612 1025 2673 ad
1046 2612 1166 2679 inferos

131 2708 319 2789 aliquando,
340 2708 407 2768 sivo
429 2727 484 2767 eos
506 2702 653 2786 credant,
675 2708 744 2770 sive
766 2728 828 2768 non
851 2710 1000 2789 credant,
1022 2733 1092 2775 esse
1111 2717 1166 2779 de·

131 2827 318 2885 seensuros,
349 2808 433 2870 vitae
456 2820 488 2869 et
511 2808 669 2870 actionum
690 2809 774 2891 apud
798 2806 940 2873 infernos
968 2811 1088 2876 iudices
1116 2838 1166 2881 ra·

129 2910 249 2973 tionem
270 2909 462 2972 reddituros.
503 2911 547 2970 At
566 2928 645 2970 vero
669 2909 743 2970 huie
765 2910 968 2993 explicationi
985 2917 1165 2997 quominus

129 3012 287 3076 caleulum
318 3011 518 3090 adiiciamus,
556 3011 617 3071 iam
646 3031 686 3073 eo
713 3012 923 3095 impedimur,
961 3016 1046 3098 quod
1078 3020 1165 3085 nullo

129 3113 226 3177 modo
249 3112 405 3175 credibile
426 3113 571 3189 videtur,
591 3128 719 3195 poetam
735 3136 788 3175 res
803 3114 883 3175 adeo
898 3113 1065 3197 tabulosas,
1088 3142 1164 3205 quaa

116 3230 190 3279 'nec
211 3217 304 3300 pueri
326 3214 557 3293 credaut,'nisi
578 3216 632 3298 qui
655 3216 794 3279 nondum
807 3237 892 3293 ‚aere
913 3218 1076 3299 laventur,
1105 3246 1166 3309 pu.

129 3332 344 3395 misererem
386 3337 405 3378 e
432 3316 513 3379 fictis
541 3330 645 3380 autem
674 3330 737 3380 tam
763 3317 906 3401 lugubris
930 3322 1163 3391 exclamationis

130 3419 295 3482 materiam
317 3414 469 3501 captare,
489 3419 660 3482 ridiculum
680 3416 800 3481 fuisset.
842 3422 1011 3485 Praeterea
1032 3425 1072 3493 τὸ
1092 3442 1164 3509 put.

130 3532 200 3587 aem
216 3532 291 3605 post
309 3543 398 3585 orma
418 3540 475 3581 nos
497 3521 661 3600 admonet,
682 3521 779 3584 verba
801 3524 965 3607 sequentia
986 3546 1056 3587 eum
1078 3542 1163 3591 ante-

130 3622 318 3687 cedentibus
344 3621 519 3685 arctissime
548 3642 617 3684 esse
644 3625 810 3687 coniuncta
842 3638 874 3687 et
901 3628 938 3685 ad
971 3646 1006 3685 cs
1035 3634 1162 3692 omnino

129 3722 314 3787 referendas
357 3724 428 3809 quis
454 3744 532 3787 vero
561 3745 677 3802 nexus,
709 3724 737 3787 ai
765 3725 819 3787 illa
849 3725 1017 3807 explicatio
1042 3749 1059 3786 a
1084 3749 1161 3795 vero

129 3845 195 3889 non
215 3827 317 3889 aliena
337 3841 402 3904 est,
422 3827 507 3889 inter
527 3846 564 3889 ea
582 3828 775 3903 intercedat,
796 3847 852 3889 nos
874 3826 1019 3908 prolecto
1037 3848 1100 3892 non
1115 3833 1162 3897 in.

130 3927 312 4012 telligimus.
353 3929 461 3991 Alium
481 3928 579 4012 igitur
600 3930 663 3991 illis
688 3930 747 3991 sub
769 3926 877 3990 verbis
906 3926 1004 3988 latere
1026 3950 1161 4017 sensnm,

130 4075 347 4093 *ιι-

203 4169 234 4235 1)
252 4167 315 4224 lid.
333 4168 392 4225 lud.
410 4169 488 4227 Isset.
504 4184 549 4227 au.
568 4168 782 4227 ubcccttltl.

928 4234 1082 4331 tt'
