2616 4814
373 408 376 413 Ι
461 449 563 495 natare
581 458 683 510 araque
703 441 897 495 commentatio
1156 443 1212 501 ltt

153 627 179 667 ἐ
197 624 300 686 nero,
322 618 357 668 ut
378 626 442 667 non
466 607 606 668 eiusdem
626 606 714 667 modi
734 607 828 668 etiam
851 628 868 668 a
885 605 966 667 salso
985 617 1203 691 pensitasse«

160 707 311 769 Academ.
334 708 378 786 ll,
400 707 459 787 24,
481 711 532 776 77.
577 711 676 771 »Cum
697 707 825 790 Popilio
848 709 1024 788 videretur,
1045 730 1139 771 unam
1157 711 1204 772 di·

131 852 135 857 ·
160 808 287 871 mittere
308 810 487 893 legionem,
508 810 637 872 Catonis
660 830 790 895 quoque
811 807 932 890 filium,
962 810 1017 894 qui
1038 811 1204 876 incedam

159 911 287 996 legione
309 912 484 991 militabat,
517 910 645 975 diuiisit.
695 912 760 973 Sed
783 934 881 996 quum
911 932 1020 975 aurore
1042 914 1203 996 pugnandi

158 1012 193 1075 in
214 1015 357 1076 exercitu
379 1015 582 1076 remansisset
592 1047 605 1091 ,·
635 1014 713 1076 Cato
735 1013 774 1075 ad
796 1015 959 1099 Popilium
979 1015 1124 1097 scripsit,
1158 1027 1202 1091 ut,

159 1117 186 1179 si
216 1138 289 1180 eum
316 1130 479 1202 pateretur
509 1118 541 1178 in
570 1116 714 1180 exercitu
743 1137 926 1197 remanere,
959 1114 1101 1178 secundo
1130 1136 1203 1179 eum

158 1228 268 1299 obh'yet
280 1221 311 1301 ¹)
334 1232 560 1281 sacramento«
584 1220 623 1281 de
639 1216 734 1282 Ollio.
754 1219 787 1297 I,
809 1222 866 1297 11,
886 1220 937 1290 36.
983 1220 1107 1279 »Homo
1130 1238 1202 1285 aeu-

158 1335 210 1384 tua
232 1342 357 1389 causam
378 1341 441 1381 non
465 1319 630 1396 obtinens,
651 1333 850 1405 repugnante
869 1334 992 1399 natura,
1013 1320 1113 1383 verba
1130 1340 1202 1383 ver·

158 1443 230 1486 sare
251 1423 378 1506 eoepit:
400 1434 434 1484 et
453 1422 593 1506 primurn
615 1421 711 1483 rebus
731 1421 798 1500 his,
824 1442 902 1507 quas
926 1442 982 1484 nos
1004 1421 1103 1484 bonas
1125 1420 1215 1484 disi-1

158 1545 248 1603 mus,
270 1523 446 1602 concessit,
468 1536 504 1585 ut
524 1522 720 1586 haberentur
738 1537 850 1608 aptae,
872 1523 1012 1603 habiles,
1031 1535 1066 1585 et
1087 1522 1127 1584 ad
1147 1543 1201 1584 na·

157 1640 262 1690 turam
283 1624 737 1710 accommodataeafaterique
758 1627 876 1710 coepit,
898 1625 1044 1710 sapienti,
1064 1623 1128 1687 hoe
1142 1635 1200 1701 eat,

157 1749 280 1792 summe
300 1728 413 1805 beato,
435 1727 634 1790 commodius
655 1740 759 1790 tamen
782 1749 863 1807 esse,
885 1728 912 1788 si
934 1749 971 1789 ea
994 1746 1123 1811 quoque
1140 1734 1200 1790 lra-

157 1839 241 1914 beat,
267 1848 349 1914 quae
369 1829 454 1889 bona
475 1848 538 1889 non
562 1827 656 1888 audet
677 1828 869 1910 appellare«
892 1828 932 1887 de
947 1828 1051 1887 Finib.
1074 1829 1129 1903 IV,
1148 1827 1205 1896 20.v

156 1933 208 2000 56.
237 1966 279 1979 -
308 1930 353 1990 Ita
376 1948 507 2013 quoque
528 1929 698 1990 Terentius
727 1928 760 1988 in
780 1928 952 2010 Adelphis:
985 1922 1115 2011 »Capite
1134 1927 1203 2009 pri-

156 2054 244 2096 mum
264 2034 298 2093 in
320 2024 441 2093 terram
461 2041 652 2108 statuerem,
675 2041 711 2090 ut
731 2030 868 2092 cerebro
891 2041 1045 2110 disperqot
1067 2028 1178 2090 viam«

238 2138 286 2196 Ea
317 2153 398 2218 quae
429 2130 560 2193 anobis
599 2143 635 2201 ut
666 2130 792 2193 aliunde
822 2130 993 2215 pendentia
1025 2144 1199 2214 ponuntur,

157 2237 276 2325 quibus
295 2232 509 2318 significandis
532 2232 751 2313 coniunctivae
773 2234 923 2314 inservit,
954 2232 1138 2317 saepissime
1159 2252 1200 2297 ex

156 2353 266 2404 nostra
286 2340 433 2424 ipsorum
461 2335 604 2419 pendent
626 2335 836 2417 cogitatione,
865 2336 1015 2421 reluta
1037 2334 1128 2396 nobis
1149 2354 1200 2397 so·

119 2474 133 2483 ’-
155 2440 320 2507 lummodo
351 2440 510 2522 cogitata,
544 2456 604 2499 neo
633 2439 709 2499 dum
743 2452 893 2501 eventum
922 2436 1069 2499 habentia
1104 2449 1199 2522 atque

156 2565 236 2611 vere
258 2542 411 2606 exstantia
434 2539 623 2603 efferuntur.
665 2542 753 2602 Haec
775 2561 853 2602 vero
876 2539 1084 2602 diversissimi
1104 2536 1199 2622 gene·

157 2647 204 2709 ris
226 2658 316 2723 sunt,
338 2663 439 2724 eaque
462 2641 502 2701 de
524 2661 618 2702 causa
640 2640 869 2720 diversissima,
895 2642 1010 2724 quibus
1032 2641 1198 2724 designen-

157 2760 228 2824 tur,
250 2744 419 2826 requirunt
441 2754 595 2822 tempora.
646 2741 847 2821 Cogitatioue
870 2732 1022 2815 videlicet
1051 2761 1131 2824 quae
1153 2742 1198 2805 ef·

158 2845 325 2928 fingimus,
346 2842 399 2906 vel
421 2842 578 2903 eiusmodi
598 2853 690 2916 sunt,
717 2852 759 2901 ut¹
773 2841 846 2922 ipsa.
861 2854 1014 2906 eventura
1036 2861 1122 2919 esse,
1144 2857 1199 2905 aut

158 2948 271 3021 saltem
292 2944 422 3010 evenire
443 2962 557 3028 posse,
578 2942 763 3019 credamus3
798 2942 867 3021 vel,
887 2942 941 3004 illa
964 2944 995 3004 in
1017 2963 1126 3005 rerum
1145 2966 1199 3007 na-

161 3092 381 3111 μ

225 3193 256 3258 1)
281 3189 354 3244 Sunt
373 3189 504 3257 quidem,
532 3186 580 3256 qni
598 3187 775 3257 reposuerint
792 3190 931 3260 obligaret.
966 3193 1005 3247 Ar
1024 3211 1091 3247 vero
1109 3195 1199 3253 Gem-

157 3282 278 3344 bardus,
317 3277 519 3347 „Optimorum
542 3276 698 3342 librorum,
725 3276 836 3346 iuquit,
862 3277 946 3333 lectio
965 3281 1067 3358 sinon
1085 3266 1199 3355 prorebs

156 3370 322 3437 reiieiendu,
335 3373 394 3433 ert,
422 3369 520 3439 obliget
543 3366 676 3420 nimirum
702 3385 753 3437 pro
778 3370 909 3440 obligaret
933 3378 1042 3428 mutata
1059 3376 1198 3431 locutione

158 3462 213 3516 dici
232 3457 394 3521 videbitur,
423 3457 502 3524 quasi
522 3457 670 3527 epistolam
691 3459 805 3513 Catonis
824 3459 852 3512 in
872 3478 956 3516 manu
975 3470 1072 3519 teneus
1091 3465 1199 3518 dederit

157 3553 268 3614 scribit,
296 3555 329 3603 ut
353 3547 436 3616 paulo
465 3551 545 3614 post,
574 3553 622 3600 aut
644 3549 832 3616 scriptumest
858 3553 889 3620 (o
904 3554 1035 3620 Catone).
1080 3552 1198 3620 Scripsit

159 3644 253 3694 autem
272 3635 455 3689 conveniebat
475 3652 656 3706 praegressae
674 3636 810 3702 orationi,
839 3640 984 3709 eidemque
1009 3641 1198 3695 accommoda·

158 3732 245 3784 batur
264 3728 350 3782 etiam
364 3733 514 3795 pateretur.
550 3725 620 3778 Vide
639 3743 661 3777 o.
681 3725 774 3794 5,1o.
802 3734 831 3782 ot
852 3731 888 3794 t,
905 3729 948 3781 22.
983 3731 1009 3783 J.
1028 3729 1058 3780 F.
1077 3728 1205 3797 Heusiuq

160 3835 244 3890 gerne
263 3817 332 3871 satis
350 3816 439 3870 habet
456 3815 544 3869 citare
563 3814 728 3867 Sallustium
750 3818 809 3869 Cat.
829 3813 966 3881 XXXIV,
985 3819 1010 3870 1.
1053 3819 1083 3870 Si
1099 3818 1166 3888 quid
1180 3841 1199 3875 a

158 3911 254 3958 senatu
271 3913 361 3972 petere
377 3905 489 3967 vellent,
516 3906 549 3956 ab
567 3905 649 3955 armis
668 3903 834 3956 discedente
857 3932 892 3945 -
916 3902 961 3958 Ita
981 3906 1092 3974 quoque
1108 3909 1198 3964 oratio

161 4013 178 4048 a
202 4001 329 4063 tempore
352 3993 493 4062 praesenti
519 3994 619 4048 transit
643 3992 677 4046 ati
697 3992 900 4062 imperfectum.
926 3992 1083 4059 ·‚‚·A‹ttunt
1102 3996 1197 4068 etiam,

161 4081 296 4153 quidquid
312 4085 397 4138 valde
414 4085 485 4138 utile
503 4084 566 4148 slt‚'
586 4085 613 4136 id
632 4082 694 4134 ficri
711 4083 875 4149 honestam,
903 4082 1014 4140 etiamsi
1040 4093 1123 4142 aulea
1144 4102 1199 4145 nott

163 4172 339 4228 rideretur.‘·
374 4173 432 4228 Oia
450 4175 484 4229 de
502 4174 584 4251 Oltis.
603 4173 665 4239 111,
685 4171 736 4238 28,
756 4173 815 4228 1⁰&

863 4262 865 4273 '
957 4269 997 4335 12
