2616 4814
338 1246 936 1371 enarrarre

114 1686 257 1835 Haud
280 1749 448 1851 profecto
472 1750 522 1825 ab
549 1753 651 1825 omui
676 1776 815 1827 vacuus
830 1750 1002 1853 liberque
1017 1753 1159 1845 timore,

114 1885 226 1968 atque
249 1868 413 1943 consiliis
438 1866 697 1943 tantummodo
719 1868 987 1944 nonnullorum
1014 1872 1158 1945 amico-

111 2011 195 2061 rum
221 1982 402 2057 adductus
427 2001 692 2085 permotusque
717 2010 799 2057 eam
825 1988 973 2083 suscepi
998 1987 1157 2083 provin-

112 2105 207 2175 ciam
232 2100 583 2195 administrandam,
608 2128 683 2195 qua
704 2100 797 2174 mihi
823 2100 937 2175 hasce
962 2126 1158 2173 commen-

110 2212 267 2287 tationes
291 2200 552 2279 conscribendi
588 2218 701 2303 atque
727 2202 904 2302 vulgandi
930 2209 1158 2308 iniungeba-

108 2345 170 2403 tur
200 2346 356 2413 munus3
406 2320 541 2392 etenim
574 2344 643 2419 per
675 2320 804 2418 viginti
838 2324 1007 2422 quinque
1038 2352 1156 2405 annos

109 2440 222 2534 mihi,
246 2438 417 2539 quamvis
441 2461 590 2536 semper
607 2438 645 2510 in
664 2437 894 2536 explicandis
911 2444 1154 2541 scriptoribus

108 2568 361 2645 Romanorum
384 2550 593 2656 pompato,
609 2577 612 2584 '
628 2581 834 2657 numquam
866 2574 990 2631 tamen
1020 2563 1152 2637 Latino

110 2701 280 2757 sermone
303 2678 344 2746 in
367 2658 565 2748 scribendo
583 2670 712 2747 utendi
734 2700 774 2747 se
792 2673 975 2750 obtulerat
988 2682 1150 2753 occasio:

112 2810 222 2891 atque
245 2795 298 2862 ita
322 2815 383 2862 me
408 2788 463 2862 illi
485 2787 607 2863 officio
636 2792 694 2864 vix
725 2787 923 2865 credebam
940 2794 1149 2867 satisfacere

109 2932 230 3013 posse.
260 2912 350 2982 Erat
364 2908 487 3006 igitur,
508 2905 612 3007 quod
628 2922 829 3008 permagna
846 2909 1024 2984 adficerer
1038 2912 1148 2984 laeti-

107 3032 174 3119 tia,
200 3052 317 3128 quum
335 3024 596 3124 intelligerem,
621 3050 715 3126 quas
734 3027 834 3102 foras
855 3028 943 3100 dedi
970 3029 1146 3102 disserta-

105 3147 225 3218 tiones
241 3145 316 3219 VV.
331 3145 412 3215 DD.
432 3167 508 3215 non
534 3144 686 3215 omnino
701 3140 951 3243 displicuisse3
976 3161 1011 3216 et
1031 3171 1145 3243 quum

106 3285 234 3334 earum
252 3259 451 3334 nonnullae
473 3262 581 3335 toties
606 3262 880 3360 expellerentur,
905 3279 945 3334 ut
969 3262 1144 3335 videren-

104 3396 165 3454 tur
194 3381 327 3451 iterum
361 3378 465 3477 prelo
491 3378 763 3473 subiiciendae,
803 3406 925 3453 meum
952 3381 1059 3473 duxi,
1096 3407 1144 3454 nc

104 3496 254 3572 illorum
282 3494 509 3594 indulgentia
540 3500 651 3572 nimis
683 3498 877 3591 abuterer,
919 3502 1043 3571 omnia
1074 3524 1142 3571 ac-

106 3615 266 3688 curatius
298 3626 335 3684 et
362 3610 576 3711 diligentins
601 3639 885 3716 recognoscere,
918 3616 1142 3714 praecipua·
1248 3698 1252 3705 ¹

106 3753 180 3826 que
203 3727 330 3800 saltem
350 3730 534 3827 corrigere
551 3729 755 3833 tollereque
773 3748 933 3832 peccata.
981 3731 1142 3802 atenim

105 3845 167 3918 vel
198 3846 251 3917 sic
282 3869 430 3938 vereor,
466 3872 515 3920 ne
546 3853 671 3922 omnia
703 3875 779 3922 non
803 3853 876 3924 sint
900 3844 1042 3920 sublata
1074 3870 1140 3917 re-

60 4042 64 4051 ,
105 3976 304 4060 motaque,
343 3965 382 4036 in
406 3964 543 4063 quibus
566 3966 641 4042 VV.
665 3969 745 4040 DD.
770 3963 955 4040 offendere
979 3965 1139 4063 possint;

10 4082 13 4089 ’
64 4096 72 4111 ·
107 4078 239 4148 etenim
265 4080 330 4176 qui
356 4106 533 4179 umquam
557 4080 746 4174 inlibris,
780 4086 853 4155 iam
879 4095 963 4155 ante
994 4079 1140 4176 longius
