2616 4814
513 425 765 501 ,mansium
1061 416 1065 427 '
1128 427 1165 485 tt

127 592 208 665 ralia
226 595 348 678 sint1).
400 595 535 659 Nomina
561 592 752 679 adpellativa
779 601 885 655 autam
908 590 976 654 sola
997 591 1165 675 pluraliter

128 692 270 779 proiecti
289 716 402 779 posse,
423 697 498 761 iuda
518 698 667 783 adparet,
688 692 776 780 quod
788 693 857 778 ipsa
871 692 1005 777 proprie
1022 712 1086 756 non
1100 694 1164 757 siu-

129 797 211 880 gulis
232 798 421 879 individuis,
443 799 500 862 sed
519 799 626 883 potius
643 794 846 885 qualitatibus
861 795 1001 856 omnium
1015 794 1055 857 ad
1067 817 1166 858 uuum

129 918 228 981 genus
259 921 393 966 unamve
415 901 555 984 speciem
576 900 802 986 pectinentium
822 898 1061 989 individuorum
1081 919 1167 961 com·

128 1001 293 1081 munibus,
322 1004 355 1063 in
378 1020 471 1064 uuam
493 1004 654 1067 notionem
675 1002 836 1080 collectis,
864 1001 1042 1064 inserviunt
1062 999 1166 1086 desig·

128 1104 258 1182 mandis,
291 1103 335 1165 ita
363 1117 399 1167 ut
424 1124 489 1166 non
515 1105 618 1167 solum
646 1106 765 1185 maior,
796 1102 854 1165 scd
883 1103 978 1166 ctiam
999 1103 1167 1167 universus

128 1203 245 1295 luorum
266 1204 504 1269 individuorum
524 1228 674 1269 numanus
687 1206 738 1291 ¹eis
755 1204 983 1288 comprehendi
997 1206 1107 1290 possit.
1125 1240 1168 1257 -··

128 1306 263 1366 Nomina
283 1300 415 1390 propria
435 1309 634 1371 econtrario
654 1330 752 1371 unum
773 1308 896 1386 aulum,
923 1307 1010 1391 quod
1039 1306 1078 1368 ab
1101 1327 1168 1370 om·

129 1404 222 1467 nibus
243 1406 375 1492 reliquis
395 1410 536 1494 propriis
557 1411 621 1473 suis
642 1409 845 1497 qualitatibus
866 1408 1081 1489 distinguitur,
1105 1410 1169 1493 aig-

130 1505 258 1573 nificant
278 1509 484 1573 individuum.
525 1512 615 1575 Duas
637 1525 741 1576 tamen
764 1512 807 1575 ol)
829 1532 938 1575 causas
960 1510 1168 1596 adpellativa·

130 1630 202 1671 rum
231 1612 393 1673 nominum
418 1626 564 1683 naturam
590 1613 725 1678 iuduere
755 1627 851 1701 atque
870 1614 904 1674 in
925 1632 1093 1674 numerum
1114 1632 1169 1675 eo·

131 1732 203 1795 rum
223 1712 358 1777 mannire
380 1702 593 1798 possuuts'et
612 1700 886 1801 quidem'primo,
909 1715 937 1777 si
956 1714 1101 1798 pluribus
1121 1714 1169 1777 in·

132 1812 269 1877 dividuis
291 1814 376 1877 idem
394 1836 511 1878 nomen
531 1816 666 1879 inditum
687 1830 754 1895 est,
788 1818 833 1878 ita
852 1820 890 1877 ut
910 1814 989 1879 haec
1011 1812 1171 1901 tamquum'

130 1936 194 1981 uua
221 1916 329 1999 spacia
361 1917 589 2001 comprehensa
617 1916 813 1981 considerari
840 1916 964 2002 possint
978 1918 1037 1999 2);
1080 1918 1170 1981 dein·
1216 1926 1219 1931 '

131 2016 173 2080 dc
200 2039 279 2084 vero
308 2019 423 2101 etiam,
460 2019 580 2083 sinon
606 2018 770 2087 individua
792 2017 880 2106 ipsa,
915 2017 971 2080 aed
994 2019 1172 2105 qualitates,

134 2184 355 2203 m

149 2360 153 2367 ἱ
200 2292 231 2361 1)
251 2308 278 2347 v.
294 2311 316 2345 c.
333 2291 362 2346 in
380 2292 479 2366 lingua
496 2294 678 2361 Germanica,
696 2296 808 2359 Eiteia,
827 2294 1012 2360 Bsinileidm
1028 2295 1057 2350 iu
1073 2294 1173 2369 lingua

130 2387 290 2454 Hebraico,
311 2376 436 2468 Ε’,Ψξξ
462 2392 537 2465 apud
555 2393 695 2458 Graecos,
716 2374 826 2462 (ὄσσε)
850 2374 979 2455 ὅσσων,
1002 2378 1046 2445 τὰ
1060 2379 1171 2465 πυράς

131 2474 160 2527 iu
177 2476 275 2547 lingua
293 2479 409 2545 Latina,
436 2482 530 2545 litari,
554 2498 664 2546 mnes,
683 2482 819 2549 Quirite&
853 2481 928 2548 apud
943 2480 1066 2550 Angla,
1091 2484 1173 2545 stilio,

131 2564 232 2635 elops,
252 2569 354 2621 belismo
360 2608 370 2633 ‚
389 2571 485 2641 lungo,
504 2573 627 2624 treenta
634 2611 644 2635 ‚
663 2579 762 2640 tongs3
797 2569 827 2622 in
851 2569 953 2639 liugan
974 2570 1172 2641 Franco-gal-

131 2654 203 2721 lina,
223 2659 369 2724 pinosttes,
387 2662 524 2724 tenoilles,
541 2663 650 2727 plcans,
670 2660 824 2723 urmoiries,
843 2664 981 2725 suetiam
1015 2661 1091 2731 apud
1112 2663 1173 2717 ltu·

133 2746 193 2809 lot,
211 2749 381 2810 mutuasti,
400 2750 507 2801 adsoni
514 2786 526 2811 ,
539 2751 639 2815 susci,
655 2752 734 2817 pori,
750 2750 860 2817 posteri.

202 2847 234 2913 2)
260 2848 361 2913 „Sum
379 2851 515 2917 quasdem
537 2850 650 2903 uomiuu
667 2867 778 2919 scupea·
796 2850 968 2919 singuluria,
995 2852 1044 2907 vel
1061 2861 1173 2925 natura,

92 2954 95 2959 ·
133 2935 183 2989 val
199 2952 263 2989 usu.
297 2938 425 3002 Nature,
453 2946 488 2991 ut
503 2937 636 3009 propria,
667 2954 739 3006 quae
755 2937 923 2993 naturaliter
938 2938 1083 2995 individua
1099 2950 1175 3011 nunt,

132 3030 167 3081 ui
182 3023 313 3094 Jupiter,
334 3026 446 3092 Venus,
473 3026 579 3086 Getes.
597 3028 723 3091 Hector,
742 3026 847 3091 ltalia,
871 3031 925 3080 otc.
967 3027 1000 3080 lu
1018 3026 1064 3081 lala
1081 3034 1175 3087 temen

130 3113 200 3182 ipsis
218 3122 278 3181 eat,
304 3117 414 3184 quaudo
432 3122 570 3182 eventus,
592 3116 640 3171 vat
656 3116 774 3185 paetitio
792 3116 956 3187 regionum,
982 3117 1031 3171 vel
1048 3118 1177 3178 livam

132 3204 292 3274 opiniones,
313 3207 360 3259 vel
380 3207 535 3261 anactoritas
552 3212 684 3261 vaurum
701 3206 797 3277 cogit,
815 3208 865 3260 val
886 3204 994 3275 quaudo
1009 3224 1061 3277 pro
1077 3211 1176 3281 adpel-

130 3296 231 3353 lutivia
249 3314 360 3365 quoque
378 3299 577 3367 prolsruntua,
606 3298 745 3353 atellam
770 3298 875 3367 plurali
891 3315 1007 3353 numero
1029 3304 1174 3368 punierun-

131 3393 188 3441 tun.
230 3386 374 3450 Eventus,
403 3389 478 3455 quod
497 3387 593 3442 evenit
616 3404 700 3456 caspe
724 3388 822 3442 audam
839 3387 951 3457 proprio
975 3389 1085 3443 nomine
1102 3392 1173 3447 duos

131 3458 303 3544 velsslurea
328 3475 497 3542 nuncupari,
526 3483 559 3531 ut
584 3479 693 3531 amaa·
710 3476 863 3530 succussa
887 3475 983 3543 lilius,¹
1009 3486 1038 3532 et
1057 3478 1174 3547 Sylvius

132 3567 259 3629 Aeacus,
278 3591 314 3604 ·-
340 3562 410 3617 Aiax
429 3564 628 3632 Telamonius,
648 3572 678 3619 st
695 3566 765 3619 Aiax
782 3566 858 3619 Oilei
875 3566 960 3621 lilius.
1003 3569 1083 3620 llaec
1099 3567 1175 3621 enim

132 3671 186 3709 nou
202 3652 372 3706 autumaliter
388 3653 546 3707 communie
563 3661 644 3719 aunt,
664 3653 766 3723 quippe
783 3657 890 3709 uallum
911 3654 1079 3722 qualitatem
1096 3669 1172 3706 com·

131 3759 244 3819 manum
261 3740 440 3813 significant,
458 3744 509 3797 aad
527 3760 594 3797 cusu
612 3743 731 3797 divensis
749 3742 1068 3814 contigere·psrsonis.“
1096 3741 1175 3795 Pria-

132 3834 202 3889 ciuu.
218 3850 262 3902 up.
280 3833 395 3887 Puteoli.
413 3853 441 3904 p.
457 3832 519 3889 662
554 3835 597 3888 cl.
623 3834 703 3890 Serv.
722 3836 828 3887 Honon.
845 3850 889 3901 ap.
910 3830 1026 3884 Pauci.
1050 3848 1077 3898 p.
1094 3832 1174 3886 1781.

133 3929 163 3975 st
182 3924 283 3977 Donat.
309 3940 337 3991 pn
354 3922 432 3977 1148.
465 3920 523 3975 viu.
552 3939 663 3991 quoque
688 3922 816 3975 Perinou.
842 3921 878 3975 ad
898 3916 992 3971 Sanct.
1010 3915 1131 3972 lliueuv.
1149 3922 1174 3974 1.

132 4010 287 4075 7,12.οι1.
305 4012 408 4066 Bauer.
425 4033 451 4082 p.
471 4014 515 4068 tt.
540 4042 574 4055 -
602 4013 746 4067 Nonnulla
764 4008 875 4063 nomina
892 4006 1006 4076 propria
1022 4024 1092 4062 voca
1110 4008 1175 4076 qui·

93 4090 98 4095 ¹
133 4100 429 4173 dumphedinem,
449 4103 599 4159 intellectu
615 4118 685 4155 varo
703 4097 876 4168 singularis,
895 4103 928 4151 ut
941 4097 1086 4161 Athenae,
1107 4098 1175 4167 My·

126 4205 234 4255 ¹stannus,
249 4188 399 4260 ungara,
418 4191 584 4246 obssnvavit
603 4205 717 4259 quoque
733 4182 869 4243 Prusian.
884 4184 905 4241 l·
921 4203 945 4241 ο.
963 4203 991 4255 p·
1005 4184 1069 4243 ott.
1159 4194 1164 4203 '
