2616 4814
540 417 747 475 omerus
960 488 964 495 ¹
1123 415 1160 473 u

131 583 206 663 καί,
227 581 329 664 τούς,
350 583 453 674 πρός,
477 582 685 670 omnibusque
703 581 762 662 iis,
781 601 864 667 quae
881 580 1063 647 hissimiles
1075 597 1161 664 sunt,

130 687 296 752 adfirmare
323 687 414 749 lieet:
447 684 684 778 ἂκοὶαςτὲρως
711 705 731 748 e
757 684 918 747 contrario
939 705 1062 751 sensum
1091 684 1160 773 qui·

131 789 202 853 dem
222 790 345 853 ciarum
362 788 605 873 distinctumque
625 787 770 869 exhibet,
800 784 930 855 minine
957 806 1035 852 vero
1065 786 1161 859 sdtri·

129 889 200 954 buti
227 891 417 955 substantiae
446 911 471 953 s.
497 890 648 971 subiecti,
680 888 735 953 sed
763 888 979 952 tantummodo
1011 889 1161 955 adtributi

124 993 179 1054 -rei
208 992 384 1056 adtributae
413 991 673 1077 significationem
699 992 815 1065 habete
857 991 941 1055 Huic
970 1004 1073 1055 autem
1098 990 1163 1053 dic-

130 1095 226 1174 tioni,
247 1108 279 1158 et
300 1095 463 1173 omnibus,
493 1115 573 1179 quae
595 1099 635 1156 ad
652 1094 715 1157 hoc
735 1093 874 1178 partium
894 1093 1044 1156 orationis
1066 1113 1163 1177 genus

131 1196 308 1279 pertinent,
329 1196 553 1262 adverbiorum
576 1216 692 1259 nomen
714 1196 896 1280 impositum
915 1207 972 1257 est.

213 1301 323 1360 Restat
349 1299 494 1378 tandem,
526 1311 561 1361 ut
582 1297 622 1360 de
649 1299 687 1360 iis
710 1319 836 1383 quoque
867 1296 1020 1382 quaedam
1041 1295 1165 1359 adiicia-

131 1422 201 1464 mus
224 1400 431 1480 dictionibus,
453 1419 553 1486 quae,
574 1411 610 1463 nt
629 1402 725 1464 modo
747 1401 899 1480 vidimus,
920 1419 984 1462 non
1004 1388 1165 1483 ceperitne

132 1525 150 1565 a
171 1503 293 1588 reliqua
321 1503 464 1565 oratione
492 1515 526 1565 et
546 1522 606 1586 per
626 1504 821 1587 sepositae,
854 1502 912 1566 sed
938 1502 1166 1581 tantummodo,

132 1604 160 1666 si
180 1625 252 1690 cnm
271 1605 339 1669 eliis
361 1603 468 1668 verbis
489 1604 675 1668 coniunctae
694 1619 785 1683 sunt,
806 1617 926 1669 certum
943 1602 1165 1688 definitumque

132 1704 251 1771 habere
272 1709 419 1773 videntur
439 1705 717 1793 significationem,
746 1707 924 1793 quibusque
944 1705 1036 1773 nobis
1056 1717 1167 1772 dictio-

132 1830 208 1872 num
228 1821 499 1894 coemeteriorum,
517 1811 651 1896 reliquis
672 1832 771 1890 vero,
803 1823 839 1873 ut
859 1809 937 1871 haec
956 1807 1083 1875 diversa
1102 1809 1167 1870 dic·

132 1909 255 1974 uocum
274 1932 391 1996 genera
412 1913 507 1976 etiam
527 1912 739 1996 adpellatione
761 1911 1009 1995 distinguentur,
1046 1921 1167 1993 prima-

132 2020 252 2083 timum
271 2035 386 2077 nomen
408 2015 573 2098 imponere
594 2014 699 2077 liceat.

215 2114 267 2178 Ad
287 2114 343 2178 has
364 2115 563 2178 secundarius
585 2115 757 2193 dictiones,
794 2135 927 2200 quarum
948 2105 1093 2197 exempla
1114 2133 1171 2175 no·

132 2215 182 2278 his
204 2216 260 2280 ille
281 2239 321 2281 ex
342 2216 561 2301 Xenophontis
574 2216 710 2302 comptis
736 2215 898 2300 adpositus
924 2215 1013 2279 locus
1035 2215 1096 2277 tria
1117 2236 1170 2278 ex·

133 2301 255 2397 hibuit,
293 2319 352 2384 uei
371 2310 510 2401 scilicet,
531 2317 618 2409 πρός
638 2331 672 2381 et
690 2312 793 2396 τούς,
816 2317 978 2402 pertinent
995 2302 1095 2403 ¹igitur
1114 2341 1170 2382 cr-

134 2429 261 2505 tt'culus,
282 2430 457 2488 coniunctio
479 2440 516 2484 ac
525 2431 727 2511 praepositio.

214 2523 369 2602 ArticuII,
403 2525 543 2609 quinon
570 2524 603 2584 iu
621 2523 764 2587 'diversis
785 2522 908 2601 sotum,
938 2518 997 2605 qeti
1023 2521 1117 2591 etiam
1139 2520 1172 2582 in

136 2646 198 2686 una
227 2626 403 2709 eademque
428 2626 536 2708 lingua
564 2638 628 2687 tam
655 2625 743 2688 varie
764 2624 951 2702 adhibetur,
981 2643 1020 2687 eu
1040 2623 1172 2706 proprio

139 2724 187 2785 vis
209 2738 275 2804 est,
307 2739 344 2788 ut
363 2746 478 2793 nomen
505 2725 732 2809 adpellativum
759 2725 791 2787 in
813 2724 877 2788 tale
897 2742 1173 2799 nomencommu·
1270 2738 1278 2749 ·

139 2836 201 2904 tet,
225 2845 289 2910 quo
310 2846 363 2888 res
383 2824 544 2888 individua
564 2825 764 2908 designetur3
796 2812 1047 2911 praepositiones
1069 2838 1172 2888 autern

138 2945 226 3006 eam,
247 2948 310 3011 qua
331 2925 408 3012 quid
429 2926 468 2990 ab
490 2927 556 3001 alio
571 2925 702 3010 pendet,
723 2925 899 3009 significant
916 2927 1085 3013 rationem,
1105 2929 1173 2990 sive

138 3030 304 3097 notionum
323 3030 514 3095 relationem
535 3031 703 3111 indicunt:¹
719 3039 753 3091 et
774 3027 1029 3093 coniunctionum
1049 3030 1175 3092 tandem

137 3151 175 3194 ea
200 3133 282 3195 ratio
311 3145 375 3211 est,
409 3146 445 3197 ut
473 3153 539 3196 non
567 3130 691 3216 singula
720 3127 839 3208 verba,
869 3128 926 3193 sed
947 3133 1174 3207 enuntiationes

138 3232 413 3318 propositionesve
434 3232 519 3297 inter
538 3254 576 3299 se
596 3234 806 3317 coniungant,
827 3230 984 3319 simulque
1005 3253 1073 3325 eam
1095 3235 1176 3303 indi-

141 3347 213 3397 cent
230 3335 434 3418 relationem,
455 3355 538 3420 quae
558 3334 643 3399 inter
662 3335 746 3419 ipsas
765 3333 943 3399 intercedit.

99 3647 102 3658 Ι
140 3562 284 3648 λέξεων·
315 3563 350 3628 αὶ
371 3560 430 3654 μὲν
451 3560 516 3654 quiq
539 3555 671 3641 cirtio,
700 3560 827 3654 τρόπον
847 3563 1011 3633 τινὰτῶν
1033 3561 1175 3651 φωνηέν-

140 3687 219 3743 των,
243 3661 341 3754 ῥηταί
362 3665 442 3731 εἰσι·
465 3663 619 3756 καθάπερ
641 3660 692 3733 tri
709 3668 777 3732 cciv
796 3664 965 3756 ῥημάτων,
991 3662 1173 3750 ὀνομάτων.

142 3767 374 3855 ἂντωνυμιιῦν,
399 3765 649 3860 ἐπιρῥημᾶτων·
678 3805 719 3823 -·
748 3771 783 3834 ci
803 3767 855 3848 dd,
878 3762 1015 3857 ὡσπερεὶ
1038 3763 1175 3853 oriudu-

140 3891 198 3947 να,
231 3869 429 3958 ἀναμένουσι
450 3869 495 3937 cd
517 3870 710 3954 φωνήεντὰ,
735 3865 774 3938 οὗ
798 3867 975 3960 δυνάμεναι
998 3868 1071 3935 κατ’
1092 3868 1175 3933 ἰδίαν

143 3957 239 4061 ῥηταὶ
260 3965 343 4041 εἶναι
371 4005 411 4024 -
441 3971 601 4065 καθάπερ
616 3970 669 4040 ἐπὶ
690 3973 759 4038 τῶν
786 3966 999 4061 ἃτροθὲσεων,
1030 3968 1097 4064 cciv
1120 3961 1175 4055 rip·

142 4077 250 4163 epos,
285 4076 356 4142 τῶν
384 4073 590 4167 συνδέσμων·
623 4071 670 4144 roi
697 4074 762 4165 yde
783 4072 928 4143 τοιαῦτα
950 4067 1002 4139 ἀεὶ
1029 4070 1095 4138 τῶν
1116 4092 1175 4158 μο-

142 4173 218 4265 ρίων
237 4179 462 4268 συσσημαίνει,
501 4193 633 4267 Aponon.
650 4191 732 4247 Alex.
751 4187 788 4245 de
802 4185 886 4259 orat
902 4184 979 4261 M,
