2616 4814
290 482 293 488 ,
320 412 349 459 '²⁴³
531 418 703 479 coemat.
715 422 752 479 ll.
1126 416 1164 475 tt

130 589 288 677 permulta
308 586 499 657 aubatantita
519 586 688 671 pluraliter
709 585 1053 673 quoque-efferuntur,
1079 604 1163 671 qrrae

129 692 165 753 in
184 692 292 776 lingua
313 691 501 755 Germanica
521 710 586 752 non
605 690 666 752 niai
687 690 858 775 singularia
879 703 970 767 aunt3
1002 710 1102 773 eaque
1122 688 1164 751 de

131 805 393 872 contemnent,
427 792 513 878 quod
534 793 704 871 miremur,
735 791 767 853 in
795 790 859 855 illia
884 791 1000 875 lingula
1028 790 1164 851 formam

129 894 263 980 pluralia
290 894 415 957 numeri
440 914 536 979 eaepe
565 892 728 972 adhiberi,
757 893 813 955 ubi
843 893 876 954 in
904 892 1074 957 vernacula
1103 910 1164 953 nee

129 1016 223 1075 neue,
253 1017 313 1059 neo
339 997 438 1079 ipsine
468 996 593 1081 linguae
621 996 761 1074 indoles,
788 1008 825 1057 ut
850 996 976 1057 nomina
998 992 1166 1076 pluraliter

131 1096 305 1161 efferantur
330 1097 493 1181 permittit.
543 1099 639 1160 Caino
662 1098 792 1182 quidem
817 1098 868 1160 rei
897 1097 1043 1180 exempla
1071 1114 1166 1179 quae·

131 1186 222 1277 dam,
255 1221 295 1263 ax
315 1199 423 1283 lingua
443 1199 616 1282 Anglioana
643 1200 761 1282 petita,
792 1198 827 1261 in
855 1198 1067 1262 Grammatico
1095 1217 1167 1259 mea

130 1301 271 1365 noudum
290 1294 433 1385 prolata,
452 1298 506 1377 hio
527 1300 687 1383 adponere
706 1300 810 1363 liceat.

213 1404 310 1497 Quod
337 1402 420 1464 siin
446 1400 552 1485 lingna
574 1399 747 1484 Anglieana
777 1402 954 1465 subiectum
977 1403 1165 1466 enuntiatio

129 1510 179 1570 nia
191 1505 367 1590 ¹pluraliter
389 1501 515 1581 dieitur,
536 1502 674 1565 omniurn
695 1525 824 1590 quoque
844 1506 1060 1591 reliquorum,
1084 1526 1166 1591 quae

130 1610 170 1673 ad
191 1608 272 1669 illud
291 1604 485 1683 referuntur,
506 1602 794 1689 substantivorum,
816 1606 855 1670 ad
876 1628 1095 1693 quamcunque
1110 1627 1167 1669 no·

129 1712 251 1774 minum
270 1707 411 1793 speeiem
430 1706 629 1791 pertineant,
660 1707 729 1771 fore
749 1730 876 1794 temper
903 1711 1036 1795 pluralia
1058 1728 1167 1773 conse-

130 1814 241 1899 quitur
259 1830 428 1887 numerus,
460 1808 494 1869 id
518 1806 604 1892 qnod
624 1807 721 1893 longe
741 1810 834 1873 aliter
854 1813 888 1873 in
909 1813 1016 1894 lingua
1037 1813 1169 1874 Gerana·

129 1915 202 1977 nica
221 1934 255 1975 ae
275 1912 390 1988 habet,
410 1910 443 1971 in
464 1931 526 1993 qua
547 1909 627 1971 haec
649 1910 862 1989 substantiva,
892 1912 1014 1975 etiarnsi
1036 1913 1168 1995 pluralia

118 2002 243 2081 -eorurn
263 2033 413 2075 numerus
435 2011 565 2073 neitatna
586 2024 644 2089 eat,
666 2024 741 2095 poet
762 2013 939 2075 subiectum
961 2015 1093 2097 pluralia
1111 2036 1170 2076 nn·

128 2119 213 2181 meri
239 2115 374 2176 maxima
404 2133 443 2173 ex
472 2124 563 2194 parte
591 2112 794 2193 singulariter
823 2113 1003 2176 efferuntur
1019 2119 1062 2197 ¹).
1114 2117 1170 2179 sia

130 2217 312 2304 germanice
342 2213 473 2275 dieitura
506 2224 552 2277 ete
578 2220 683 2291 desolat
709 2224 797 2279 a'laren
825 2225 976 2282 factatam
1005 2228 1064 2283 den
1084 2224 1179 2300 Kopf

129 2326 349 2400 aestatuum:
370 2325 416 2379 eie
435 2324 572 2379 ateeleten
591 2325 640 2379 die
660 2324 756 2381 Hand
773 2327 807 2381 a'a
827 2328 876 2383 die
894 2326 1011 2383 Tercle
1031 2331 1092 2381 ete.
1133 2319 1171 2381 lu

130 2424 239 2505 lingua
260 2418 432 2500 Anglicana
453 2436 472 2479 e
494 2416 655 2478 contrario
679 2416 757 2481 haee
779 2432 811 2481 et
831 2419 945 2481 aimilia
966 2421 1009 2481 ita
1031 2420 1171 2483 efferun-

131 2537 203 2586 tur:
225 2520 290 2584 She
310 2518 419 2583 would
436 2517 491 2579 bid
507 2518 562 2579 th'e
576 2518 654 2602 girls
672 2517 749 2580 hold
765 2542 808 2603 up
824 2520 910 2583 their
924 2531 1020 2587 laada
1035 2526 1169 2603 [Gold-

132 2626 245 2703 amt'llt)
262 2622 312 2702 2)ι
354 2619 558 2701 Impulaively
580 2633 612 2681 at
632 2620 686 2681 the
706 2642 790 2683 aame
812 2622 888 2685 time
909 2625 984 2705 they
1004 2622 1084 2685 both
1109 2637 1170 2709 put

132 2724 218 2787 their
233 2730 332 2787 hands
351 2720 418 2782 into
431 2719 515 2783 their
531 2730 657 2805 poetata
675 2725 863 2803 [Yora‘elt'a
883 2735 984 2791 Sem.
1002 2731 1171 2811 Joura.)‚·

136 2860 357 2880 Μ

201 2938 245 3005 1).
258 2935 416 3007 Scriptura·
440 2934 563 2991 Romani
584 2937 723 2993 atumvta
740 2938 881 2993 interdum
904 2948 1061 3010 aequantur
1084 2944 1174 2999 ratle-

131 3045 214 3095 nem,
242 3045 271 3081 v.
291 3041 320 3097 g.
346 3028 458 3096 „Quod
477 3026 503 3081 ai
527 3031 712 3099 expectando,
742 3037 772 3085 et
796 3029 994 3097 doaideranrla,
1022 3034 1174 3101 pendemua

131 3120 246 3183 ιιιιίιιιίι,
266 3116 439 3183 cruciamur,
460 3118 598 3188 angimur.
632 3121 687 3172 Ca'e.
705 3122 812 3187 Qaueat.
832 3121 915 3173 Tuae.
932 3123 961 3185 1,
978 3122 1021 3175 40.
1037 3150 1072 3165 -·
1089 3124 1174 3179 Stura

131 3222 242 3262 omnem
258 3204 469 3263 multitudinem
486 3207 522 3259 aad
539 3212 667 3275 portam,
688 3196 829 3261 viam'laio
845 3210 982 3263 ferentem
994 3216 1174 3279 proapeetan·

102 3288 105 3293 ¹
130 3306 193 3366 tea,
220 3297 452 3363 cartenitanum,
482 3296 549 3365 quid
566 3290 625 3350 illie
643 3315 709 3361 noa,
735 3306 830 3369 patrea
847 3299 1013 3371 couatripti,
1043 3298 1173 3355 aellicitia

132 3396 163 3448 et
179 3385 363 3463 pendentibus
383 3390 467 3442 animi
484 3390 644 3443 renuntiare
664 3386 793 3445 iubentia.
818 3388 890 3445 Isia.
912 3392 976 3456 Vll,
994 3390 1037 3447 dt).
1060 3424 1095 3435 -·
1124 3392 1172 3461 Et,

133 3485 303 3551 quumtoeto
321 3495 355 3531 ex
374 3476 493 3547 collegio
511 3474 688 3531 tribunorum
701 3478 792 3548 pleliia
809 3480 901 3549 priato
918 3480 1117 3536 intercessores
1131 3484 1174 3533 le-

133 3588 201 3642 gum
217 3569 351 3633 lulaaent,
377 3567 505 3636 ¹quinque
523 3566 577 3620 soll
592 3575 690 3623 arante
726 3576 755 3623 et
779 3572 825 3640 (ut
843 3573 932 3624 ferme
948 3575 1058 3637 rolant,
1090 3569 1174 3639 quala

134 3652 192 3713 auia
207 3656 374 3723 aleauiaaurtt)
388 3648 470 3725 eapti
483 3662 513 3727 et
528 3663 671 3727 atnpentea
688 3660 775 3711 aniani
788 3659 905 3712 vocibus
921 3660 1019 3712 alienia
1036 3658 1064 3709 id
1081 3656 1173 3720 modo,

135 3746 210 3815 quod
235 3745 310 3799 doaul
335 3752 517 3815 praereptum
536 3752 616 3812 erat,
644 3744 836 3801 iateroeaaioni
860 3766 928 3801 auae
945 3744 1175 3815 praetendebant.

134 3834 206 3898 laia.
227 3836 280 3898 Vt,
297 3832 341 3887 86.
357 3864 392 3875 -
413 3834 498 3907 Quod
513 3834 562 3887 diu
579 3837 701 3902 portarit
719 3838 825 3888 animae
842 3843 938 3895 aester,
958 3830 1107 3897 aliquande
1125 3846 1174 3899 pa·

134 3922 198 3977 riat.
222 3922 299 3976 lain.
316 3914 393 3984 Xlfl,
411 3922 455 3975 18.
480 3912 516 3963 -’
542 3916 750 3992 Praeceperant
774 3922 871 3975 animia
897 3918 1051 3971 orationem
1069 3923 1173 3987 patrea.

135 4010 215 4063 Tae.
233 4013 315 4063 Ano.
335 4011 391 4071 111,
410 4008 453 4064 51.
991 4050 996 4059 .

119 4168 124 4175 Ι
199 4097 233 4166 2)
257 4096 305 4150 Sia
330 4114 441 4165 quoque
465 4097 601 4152 Romania
628 4095 744 4165 „Multi
761 4112 795 4150 ex
811 4094 902 4165 plebe·
920 4093 1015 4161 potiua
1039 4110 1124 4162 qnam
1141 4097 1176 4146 ut

134 4184 327 4241 eruderantur
343 4184 479 4254 trahendo
496 4185 633 4253 animam,
654 4186 789 4254 cupititate
806 4182 934 4238 meato
950 4199 981 4237 ae
1000 4180 1029 4235 ln
1046 4180 1178 4235 Tiberina
