2616 4814
540 411 777 469 amnmn
1131 411 1187 469 ιιι

144 582 279 666 adparet
300 602 339 644 ex
358 566 408 653 bis
427 574 713 642 enuntiationibus:
750 580 921 659 enpfhblen
940 586 996 644 Sis
1020 585 1103 645 otiolo
1122 583 1188 647 ilms
1218 648 1224 659 ,

143 692 281 766 testeo&
321 692 373 748 tels
400 688 551 763 empfselsle
569 690 652 747 mico
668 688 877 764 qeborsamst,
911 691 1057 746 eertum
1076 697 1189 753 emtor·
1219 670 1222 675 ¹

143 796 288 866 lodoveo
328 785 372 845 At
391 804 472 847 vero
494 804 568 845 usus
590 781 743 867 loquendi
762 780 842 843 haec
863 782 1056 867 superlativa
1076 805 1188 868 respu-

143 911 199 973 ens
220 910 258 951 ea
278 886 424 958 adhiberi
445 885 551 965 iubet,
575 903 665 970 ¹quae
695 868 744 957 ab¹
761 882 926 945 adiectivis
953 884 1029 969 ipsis
1052 885 1188 949 deducte

144 1002 236 1069 sunt,
268 990 468 1073 diciturque,
497 1011 532 1053 er
551 997 594 1053 ist
613 997 668 1051 der
688 993 787 1069 berte,
812 994 868 1051 tter
885 996 1111 1073 pedorsemste,
1132 998 1188 1054 der

142 1078 404 1170 untermdnipstes
437 1090 559 1156 Verum
579 1087 663 1150 enim
685 1108 764 1149 vero
786 1086 918 1149 obiiciat
935 1088 1016 1173 quis,
1035 1089 1114 1159 alias
1136 1110 1188 1152 su·

142 1190 375 1280 perlativerum
395 1203 521 1254 exstare
544 1189 662 1251 formas
684 1190 723 1250 ab
746 1189 809 1251 illis
832 1188 993 1271 adverbiis
1015 1188 1196 1274 derivatas,

143 1317 226 1385 quse
247 1317 319 1361 cum
340 1293 441 1361 verbo
462 1316 530 1358 esse
549 1293 720 1376 jungantur
754 1295 799 1375 (v.
821 1311 848 1353 c.
876 1298 912 1356 'es
933 1302 977 1357 ist
1001 1316 1053 1357 om
1073 1300 1187 1380 desteo,

142 1420 178 1463 er
206 1408 249 1463 ist
278 1420 329 1470 aen
348 1394 599 1478 velsersaoisteo,
628 1417 681 1458 om
707 1398 1013 1477 untertlsdmysten),
1047 1416 1189 1481 quasque

141 1521 189 1565 re·
201 1521 277 1563 vera
298 1498 526 1565 adverbiorum
546 1498 612 1559 vim
633 1494 778 1557 obtinere
799 1493 872 1556 inde
894 1495 1068 1579 adpareat,
1100 1497 1188 1582 quod

139 1602 212 1667 aliis
235 1622 363 1688 quoque
383 1600 491 1665 verbis
513 1600 684 1678 addantur,
707 1588 790 1683 quae
810 1618 874 1659 non
897 1597 959 1659 nisi
980 1618 1053 1661 cum
1073 1600 1187 1665 adver·

141 1704 203 1766 biis
226 1704 375 1787 coniungi
394 1698 537 1786 possint,
557 1722 590 1771 e,
608 1722 639 1784 g·
661 1724 697 1766 er
716 1708 851 1765 schreibt
868 1722 921 1781 eos
941 1708 1063 1787 beaten,
1083 1724 1119 1767 er
1134 1710 1189 1766 be-

111 1820 114 1827 '
141 1814 228 1885 treet
245 1814 313 1870 siclt
333 1828 387 1869 am
402 1814 635 1884 geborsemsten
654 1813 714 1863 etc
767 1802 811 1861 At
831 1801 916 1861 enim
937 1802 1092 1887 dictiones
1113 1804 1188 1866 illae

135 1910 194 1975 'uos
214 1914 332 1989 beaten,
363 1927 414 1969 eos
432 1912 678 1986 pelsorsomsten,
702 1915 762 1963 etc.
795 1892 1095 1965 circumlocutiones
1121 1917 1209 1979 tan-,

141 2009 307 2073 tummodo
328 2019 420 2085 sunt,
455 2005 571 2090 quibus
592 2025 647 2067 eae
666 2002 812 2063 notiones
834 2002 1073 2086 exprimuntur,
1106 2027 1199 2090 quae
1285 2014 1290 2022 '

141 2113 176 2173 in
196 2111 307 2173 Latina
329 2107 588 2191 linguasingulis
610 2104 738 2182 verbis,
769 2104 871 2189 iisque
901 2106 987 2170 veris
1016 2096 1189 2188 adverbiis,

142 2225 271 2296 optime,
292 2219 552 2293 obedientissime,
574 2219 743 2269 notantur:
776 2207 903 2269 easdem
925 2221 1037 2283 autem,
1052 2209 1189 2289 locutio·
1273 2244 1278 2255 =

142 2336 199 2379 nes
226 2313 458 2377 adieetivorum
487 2304 616 2396 quoque
638 2309 724 2374 vices
746 2310 921 2389 sustinere,
954 2308 1101 2394 profecto
1124 2324 1190 2374 non

144 2433 210 2497 cst,
240 2415 327 2502 quod
347 2415 520 2502 miremur,
548 2434 665 2499 quum,
687 2410 952 2496 quemadmodum
975 2432 1086 2477 rerum
1106 2416 1190 2499 ipsa-

142 2532 219 2582 rum·
243 2517 527 2580 substantiarumve
556 2532 692 2598 genera,
726 2516 769 2577 ita
791 2534 920 2601 quoque
951 2514 1097 2605 diversae
1118 2536 1190 2581 ora-

143 2620 239 2683 tionis
266 2632 374 2701 partes
400 2617 495 2680 valde
517 2617 646 2679 incertis
670 2638 689 2677 a
709 2637 743 2679 se
765 2617 902 2679 invicem
929 2630 1120 2701 separentur
1140 2640 1190 2683 se·

145 2712 378 2807 iunganiurque
400 2716 534 2795 finibus,
566 2717 689 2800 hosque
717 2730 931 2802 transgressae
952 2720 1037 2783 aliae
1057 2708 1192 2787 aliarum

144 2821 275 2884 induant
295 2832 438 2880 naturam
460 2826 556 2901 atque
578 2818 661 2879 inter
681 2838 715 2878 se
738 2819 1014 2883 commisceantur.
1075 2898 1079 2905 Ι

131 2908 150 2985 ’,
224 2914 374 2984 Difficilis
401 2919 551 3005 profecto
580 2918 741 3002 explicatu
771 2906 824 2982 bic
852 2941 887 2983 se
915 2906 1015 2983 offert
1035 2924 1192 3009 quaestio,

143 3025 222 3112 quid
243 3025 277 3085 in
297 3023 453 3086 eiusmodi
475 3021 761 3100 enuntiationibus,
782 3021 946 3106 inquibus
966 3022 1102 3089 verbum
1116 3026 1191 3089 sub·

143 3129 313 3195 stantivum
333 3151 400 3193 esse
429 3146 505 3197 cum
530 3114 688 3190 adiectivo
710 3123 914 3189 coniunctum
943 3126 1121 3211 praedicati
1142 3131 1189 3193 lo-

138 3252 218 3297 ·cum
236 3229 376 3309 obtinet,
403 3229 484 3292 illud
503 3229 641 3294 verbum
661 3228 723 3295 sibi
745 3229 843 3309 velit,
873 3218 956 3315 quaa
977 3230 1046 3299 eius
1065 3232 1116 3295 vis
1136 3235 1189 3315 sit,

103 3406 106 3411 ,
145 3335 216 3420 quis
236 3316 333 3396 usus?
351 3333 488 3395 'Omnes
510 3332 726 3417 grammatici,
748 3334 844 3396 etiam
865 3334 1076 3421 sagacissimi,
1096 3336 1189 3401 addr-

127 3449 250 3514 ·mant‚
282 3435 415 3516 copulae
441 3434 529 3497 vices
557 3434 591 3495 id
617 3435 748 3520 quidem
776 3435 952 3515 sustinere,
977 3438 1189 3524 ¹copulaeque

143 3539 220 3603 inde
241 3538 369 3600 nomine
389 3536 475 3599 istud
495 3534 676 3621 insigniunt.
725 3536 770 3601 At
796 3538 880 3602 enim
909 3539 1027 3625 sinon
1052 3541 1113 3601 nisi
1134 3560 1189 3602 co-

128 3640 221 3727 ³pala
241 3660 321 3723 epus
344 3650 428 3707 esset
447 3629 487 3699 ad
508 3637 577 3699 eius
597 3639 722 3721 generis
743 3641 974 3707 enuntiationes
993 3640 1187 3722 formandas,

146 3743 383 3807 coniunctiones
413 3741 612 3826 copulativae
642 3732 756 3805 eidem.
777 3744 848 3823 usui
869 3756 1000 3828 possent
1019 3742 1186 3809 inservire.

147 3847 242 3942 Quod
265 3869 362 3933 quum
383 3866 474 3908 secus
495 3843 552 3925 sit,
574 3844 654 3926 alia,
680 3860 930 3932 quam-propter
947 3843 1077 3921 ‘sd-esse
1091 3839 1187 3917 adbi-

145 3947 276 4028 beatur,
308 3949 524 4033 investiganda
544 3948 674 4017 videtin
694 3970 806 4028 eausa,
835 3968 936 4032 quae,
958 3940 1098 4025 uicinos
1119 3973 1187 4015 om·

134 4054 199 4116 ¹nia
220 4055 355 4136 iallunt,¹
378 4054 411 4116 in
431 4050 528 4140 ipsis,
560 4075 637 4139 quas
656 4067 770 4117 natura
789 4052 883 4115 nobis
901 4051 1109 4141 praescripsit
1126 4052 1184 4121 im-

145 4154 332 4241 posuitque,
358 4157 517 4242 cogitandi
536 4154 662 4242 legibus
682 4154 864 4242 maerenda
883 4148 942 4221 est.
