2616 4814
212 1156 220 1173 ,
424 1099 658 1164 ΡΑΗΤῙΠΜ
697 1099 988 1167 onautottls
1093 1116 1095 1121 ’

167 1200 486 1355 annona
558 1251 821 1371 ATQUE
884 1245 1223 1343 Narona

512 1449 825 1496 eoussnarsrso
847 1428 901 1495 111.

608 1617 802 1660 usonem.

191 1950 326 2109 Quum
344 2008 488 2077 homines
507 2029 578 2091 res,
610 2021 692 2098 quae
712 2008 851 2077 animatu
876 2006 1019 2077 sedsibus
1047 2005 1226 2077 auxilianti·

186 2112 248 2177 bus
268 2113 468 2195 adfecerant,
490 2113 598 2176 verbis
620 2115 785 2178 enuntiare
805 2114 1006 2195 didicissent,
1034 2113 1134 2178 verba
1154 2114 1225 2196 ista,

180 2215 303 2301 ¹quibus
331 2216 426 2277 animi
446 2216 669 2298 perceptiones
689 2218 898 2297 notabantur,
930 2217 974 2279 ita
998 2214 1225 2297 formaversnt,

168 2308 224 2381 ¹ut
249 2300 423 2379 niutatione
454 2316 567 2399 exigua
596 2316 701 2378 addita
730 2330 763 2380 et
790 2319 982 2400 singularem
1012 2329 1046 2380 et
1066 2316 1226 2403 pluralem

188 2438 317 2503 earum,
339 2417 380 2479 ‹ls
402 2416 516 2501 quibus
537 2416 768 2501 loquebantur,
787 2437 896 2481 rerum
908 2438 1096 2498 numerum,
1116 2418 1225 2482 simul·

188 2539 252 2605 que
272 2537 383 2596 scum,
403 2516 432 2580 si
451 2515 507 2579 bic
527 2517 560 2580 iu
583 2534 634 2579 eas
656 2519 803 2600 aderet,
823 2519 1041 2586 diversitatem
1058 2516 1226 2605 designare

186 2631 333 2705 possents
375 2631 407 2682 st
426 2639 507 2682 vero
527 2619 654 2703 liug'use
675 2619 778 2683 lorma
805 2634 839 2685 et
863 2643 944 2705 usus,
964 2643 1006 2685 ne
1032 2621 1076 2684 ita
1096 2620 1226 2707 quidem

187 2731 297 2786 auctus
319 2720 393 2783 satis
413 2713 545 2783 idoneus
567 2718 645 2805 fuit,
670 2736 734 2807 quo
756 2743 863 2787 sensus
886 2722 980 2786 animi
1001 2722 1098 2787 rebus
1118 2736 1225 2787 exter·

186 2818 236 2888 nii
265 2841 457 2907 earumque,
488 2820 564 2885 dum
592 2823 625 2885 in
646 2843 680 2885 se
702 2823 839 2888 invicem
866 2825 932 2890 vim
953 2846 1042 2887 suam
1063 2837 1226 2907 exserunt,

186 2924 413 2990 mutationibus
434 2924 604 3002 excitatos,
637 2936 688 3005 et,
716 2944 794 3009 quas
811 2924 886 2988 inde
907 2927 1011 2987 animo
1033 2924 1226 2990 informave-

186 3040 275 3106 rant,
298 3024 506 3110 cogitationes
524 3038 614 3090 recte
635 3027 836 3090 enuntiarent
855 3038 950 3109 atque
965 3044 1038 3087 cnm
1054 3025 1122 3087 aliis
1138 3043 1225 3089 com·

187 3131 394 3195 manicarent.

226 3272 231 3283 ·
270 3233 405 3310 Omnia,
427 3246 508 3316 quae
528 3229 561 3290 in
581 3228 644 3291 hoe
664 3240 788 3291 exstant
801 3226 969 3306 universo,
991 3227 1141 3291 continuo
1158 3228 1225 3314 agi·

188 3350 293 3402 tantur
313 3346 420 3412 motu,
441 3351 501 3394 nec
515 3350 663 3414 umquam
680 3330 713 3390 in
730 3350 765 3392 se
782 3328 917 3392 invicem
934 3351 1031 3415 agere
1048 3330 1222 3412 desistunt3

188 3458 292 3526 neque
313 3435 385 3498 fieri
405 3445 529 3517 potest,
557 3430 633 3516 quin
656 3431 720 3493 ulla
741 3430 782 3493 sit
802 3451 873 3511 res,
905 3452 987 3520 quae
1009 3453 1073 3495 nou
1094 3431 1132 3494 ab
1154 3432 1223 3494 aliis

188 3544 285 3607 rebus
306 3534 487 3612 adficiatur,
510 3531 649 3617 aliasque
670 3545 702 3594 et
723 3533 790 3617 ipsa
806 3533 940 3598 adliciat.
982 3535 1048 3595 lam
1068 3554 1145 3597 vero
1165 3533 1224 3595 lin·

189 3668 269 3734 gua,
299 3659 380 3727 quae
401 3637 440 3699 ad
462 3651 570 3732 sensus
592 3634 687 3697 animi
707 3636 912 3698 declarandos
934 3635 1224 3719 exprimendosque

190 3761 263 3833 apta
281 3746 322 3809 sit
342 3755 437 3826 atque
458 3738 710 3818 accommodata,
732 3740 826 3801 etiam
847 3738 927 3801 hanc
947 3738 1115 3801 universae
1134 3748 1223 3799 natu·

189 3870 246 3913 rae
268 3844 478 3910 conditionem
504 3840 694 3925 depingendi
723 3838 903 3903 facultatem
926 3836 1058 3918 babeat,
1089 3857 1223 3922 prorsus

190 3969 320 4013 necessa
342 3959 399 4009 est.
451 3945 546 4014 Vires
567 3943 672 4029 ipsae,
704 3963 785 4027 quae
814 3941 846 4002 in
866 3961 975 4003 rerum
996 3953 1107 4003 natura
1135 3961 1225 4005 exse·

191 4061 323 4127 ruutor,
343 4060 376 4110 et
396 4047 526 4132 quidem
546 4046 607 4126 ita,
628 4059 663 4110 ut
683 4044 736 4111 vel
755 4044 789 4105 in
809 4063 877 4106 rem
898 4042 1036 4129 aliquam
1048 4054 1138 4106 extra
1152 4062 1224 4107 eam

193 4149 416 4232 substantiam,
446 4148 499 4213 eui
527 4147 709 4232 inhaerent,
739 4157 913 4212 exstantem
938 4157 1053 4234 agant,
1082 4144 1137 4214 tel
1163 4140 1225 4211 ban
