2616 4814
526 418 697 472 Commentat-
714 415 763 469 111.
908 374 913 381 Ι
1116 409 1169 473 123

130 593 196 648 dies
226 584 313 646 notio
344 585 471 647 nomina
500 580 693 667 adpellativo
721 588 787 645 dies
814 578 1043 662 comprehensa
1063 574 1169 660 adjec-

129 685 217 747 tionc
240 687 327 749 vocis
348 696 516 774 hodiernus
542 688 586 749 ita
608 680 895 760 circumscribitur,
928 693 964 743 ut
985 692 1091 743 certus
1112 679 1168 741 ali·

131 788 201 870 quis
229 787 386 850 indicetur
414 789 499 865 dies,
531 789 576 850 sic
598 804 727 872 quoque
755 781 934 847 accessione
961 782 1050 846 vocis
1069 787 1169 857 Albe,-

129 901 285 955 ntensr'um
307 911 343 952 ca
363 900 535 972 respublica
556 888 725 966 delinitur,
746 889 787 950 de
810 910 872 972 qua
893 886 963 971 quis
984 886 1074 971 loqui
1089 887 1167 949 vult.

129 992 219 1057 Voce
249 998 483 1058 Atheniensium
513 992 610 1075 igitur
638 991 744 1077 potins
776 989 922 1052 accidens
951 987 1087 1050 notionis
1117 988 1168 1072 τῷ

128 1101 301 1173 reepnblicu
324 1115 493 1177 expressae
515 1093 686 1177 significari
705 1092 881 1177 putandum
903 1103 968 1169 eet,
993 1111 1089 1175 quam
1108 1089 1169 1151 hac

129 1193 225 1256 illius.
267 1200 356 1258 Haec
377 1210 482 1259 autem
503 1219 520 1258 a
542 1217 620 1259 vero
643 1218 706 1258 non
727 1197 821 1278 longe
843 1194 970 1269 abesse,
995 1193 1069 1255 inda
1090 1213 1169 1276 quo·

130 1318 194 1381 quc
216 1298 325 1380 colligi
347 1319 441 1381 posse
462 1298 607 1375 videtur,
636 1299 724 1382 quod
742 1298 775 1359 in
797 1296 942 1358 omnibus
962 1293 1032 1357 ferc
1052 1292 1170 1378 linguis

128 1402 318 1481 pronomina
346 1402 544 1485 possessiva,
576 1422 657 1486 quae
684 1398 830 1484 prolecto
860 1419 922 1460 non
952 1396 1170 1475 substantiam,

129 1501 184 1560 sed
207 1503 398 1578 substantiae
420 1504 515 1566 modo
537 1504 683 1566 accidens
711 1500 841 1586 aliquod
862 1500 1044 1583 designant,
1075 1522 1094 1561 a
1114 1519 1169 1584 go-

128 1601 235 1665 nitivis
257 1607 481 1688 pronominum
502 1606 717 1691 personalium
738 1604 881 1666 derivata
901 1614 984 1666 aunt.

210 1708 327 1770 »Plane
348 1710 507 1771 contraria
526 1710 628 1787 ratio,
656 1709 763 1792 pergit
783 1706 844 1777 Vir
865 1707 943 1784 cal,
972 1703 1115 1768 cernitur
1135 1705 1170 1767 in

130 1826 170 1867 eo
192 1828 285 1887 casu,
308 1832 371 1894 quo
393 1812 586 1889 accidentia,
609 1831 692 1894 quae
712 1809 776 1870 dici
792 1808 906 1885 solent,
926 1819 1085 1869 notantur.
1125 1807 1169 1867 Is·

130 1929 193 1990 que
215 1922 262 1979 cst
282 1911 488 1974 accusativus.
539 1914 580 1974 Ut
601 1912 633 1971 in
653 1910 715 1974 hoc
739 1909 906 1992 exemplo,
938 1922 1024 1973 teneo
1047 1914 1169 1973 librum

130 2011 203 2105 Quo
224 2011 437 2094 significatur,
470 2011 589 2073 librum
610 2032 679 2074 esse
708 2011 853 2073 accidens
875 2011 963 2094 ejus,
996 2009 1052 2094 qui
1072 2020 1175 2105 tenet,

128 2148 170 2163 —-
191 2114 417 2178 Accusativum
438 2113 653 2176 consideranti
671 2124 777 2195 pateat
797 2131 926 2173 necesse
947 2125 1011 2189 est,
1031 2113 1170 2195 quoties·

129 2235 255 2300 cunque
276 2216 329 2279 hio
350 2237 439 2278 casus
460 2215 648 2295 adhibetur,
683 2235 752 2277 rem
773 2214 817 2276 ita
838 2214 990 2298 cogitari,
1023 2228 1058 2276 ut
1083 2214 1171 2277 nullu

129 2319 177 2380 sni
207 2332 299 2402 parte
328 2319 429 2381 libera
459 2318 518 2394 sit,
552 2330 585 2378 ct
604 2329 716 2399 suapte
738 2316 872 2400 quadam
898 2317 931 2379 vi
959 2328 991 2378 et
1011 2329 1170 2400 potestate

130 2435 272 2500 constet,
304 2421 361 2483 sed
383 2421 509 2503 penitus
538 2432 635 2504 atque
655 2419 783 2480 omnino
805 2418 941 2501 pendeat
962 2437 1000 2479 ex
1021 2418 1081 2478 alia
1102 2438 1168 2481 re«

128 2559 169 2568 -
201 2525 243 2583 At
269 2524 416 2606 prolecto
446 2521 533 2607 qnod
562 2522 590 2582 si
617 2520 714 2599 baec,
746 2542 828 2605 quae
859 2520 989 2604 quidem
1010 2520 1170 2583 subtiliter

130 2624 214 2686 dicta
236 2647 305 2687 csse
327 2625 455 2685 minime
476 2643 637 2704 negamus,
660 2624 700 2684 ad
718 2623 897 2705 adpositum
919 2640 1047 2705 quoquo
1064 2642 1170 2684 exem·

129 2725 219 2806 plum
241 2725 416 2807 quadrant,
450 2723 693 2806 haudquaquam
713 2737 817 2784 tamen
840 2723 900 2784 hac
921 2723 1093 2786 accusativi
1115 2745 1170 2787 ex·

130 2823 302 2907 plicatione
323 2844 391 2884 rem
413 2822 526 2885 confici
549 2825 734 2906 opinamur,
768 2824 828 2884 nisi
856 2823 1049 2907 singularem
1077 2845 1170 2908 pror-

131 2948 183 2988 sus
205 2924 467 3009 significationem
489 2925 562 2988 voci
581 2935 724 2990 ardenna
744 2923 937 3002 tribuamus,
970 2927 1060 3008 cujus
1080 2927 1170 2989 notio

130 3042 261 3092 anctore
284 3027 480 3117 Quintiliano
498 3029 529 3108 ¹)
551 3049 693 3110 causum,
723 3040 857 3109 tempus,
885 3036 1002 3110 locum,
1031 3038 1171 3097 occasio-

129 3154 213 3213 nem,
234 3141 474 3195 instrumentum
488 3138 670 3208 modumque
690 3128 921 3211 complectitur.
958 3130 995 3190 In
1009 3127 1058 3191 bis
1074 3151 1172 3195 enun-

129 3232 329 3295 tiationibus:
362 3241 412 3296 ille
432 3241 510 3296 latro
531 3244 581 3295 est
599 3241 644 3313 is,
676 3242 855 3314 enimcum
880 3237 1016 3309 fratrem
1041 3244 1171 3319 ornum

129 3355 217 3400 unctus
233 3339 317 3409 fitius
337 3344 471 3398 amicum
491 3356 583 3400 annm
604 3344 722 3398 inuitus
740 3342 929 3416 uulnerauit,
966 3334 1054 3417 quis,
1075 3350 1171 3420 qnae

79 3468 84 3479 ·
131 3455 185 3512 so,
218 3433 384 3496 adfirmare
412 3435 511 3512 ausit,
540 3443 674 3514 fratrem
702 3434 787 3514 eius,
821 3434 876 3518 qui
905 3436 1041 3516 occidit,
1073 3451 1170 3522 atque

131 3549 266 3602 amicum
286 3537 371 3613 cius,
393 3556 496 3619 aquo
519 3537 698 3613 vulneratus
719 3549 785 3615 est,
806 3537 952 3598 accidens
974 3537 1066 3599 esso?
1102 3538 1170 3600 Ob·

132 3641 250 3703 iectum
272 3638 403 3701 actionis
424 3636 474 3698 his
495 3637 603 3707 verbis
616 3638 830 3726 significatum
853 3651 885 3700 et
904 3639 937 3699 id
958 3651 993 3698 ut
1014 3637 1170 3718 designet,

133 3744 326 3805 accusativus
349 3739 481 3825 proprie
511 3738 543 3804 in
571 3739 692 3821 linguas
721 3741 919 3802 introductus
945 3751 1002 3802 est.
1053 3740 1103 3799 Eo
1123 3735 1171 3819 fit,

132 3858 168 3907 ut
188 3846 240 3908 hic
262 3865 350 3906 casus
372 3842 589 3905 tantummodo
612 3860 683 3903 curn
704 3843 831 3920 verbis,
851 3841 980 3902 minime
1000 3858 1080 3903 vero
1098 3859 1170 3905 curn

132 3948 311 4013 nominibus
334 3945 475 4010 construi
496 3944 616 4028 possit,
651 3943 713 4011 nisi
740 3945 769 4012 oi
794 3942 874 4006 baec
894 3940 1021 4049 nomine
1040 3942 1170 4027 partici-

202 4188 624 4259 1)1nnnonav,1o,tn
806 4236 809 4241 -
964 4138 982 4237 s
1086 4180 1130 4271 n
