2616 4814
202 431 237 485 12
490 430 946 503 Arandaqnmesnaabttrnn

201 594 288 660 ferre
314 596 421 676 volni,
456 597 641 660 sententiam
666 592 768 658 meam
795 596 1116 684 adservaus,1nsque
1146 601 1233 686 dum,

201 698 409 782 grammaticis
430 698 590 762 veteribus
613 699 728 760 iterum
756 699 972 782 pertractatis,
1004 701 1098 783 mihi,
1132 704 1233 786 pluri·

199 800 260 862 bus
284 801 389 864 forsan
417 802 607 885 argumentis
634 801 809 885 instructo,
839 803 1014 867 accuratius
1045 803 1164 890 aliquid
1189 807 1231 869 de

201 902 259 966 hac
279 923 315 965 rc
336 915 474 965 statuere
494 903 596 967 liceat.

279 1008 404 1068 Haecca
426 1002 582 1068 sufficiant
602 1005 642 1067 ad
662 1006 908 1085 ostendendum,
931 1027 982 1075 me
1002 1008 1142 1072 nondum
1163 1030 1230 1073 om·

198 1129 271 1172 nem
291 1108 453 1170 doctrinae
473 1106 514 1173 ds
535 1121 666 1171 accentu
685 1110 812 1195 linguae
832 1112 972 1174 Graecae
1000 1111 1153 1196 abjecisse
1175 1133 1229 1176 cu·

198 1235 283 1291 ram,
316 1211 372 1275 scd
402 1211 569 1274 maximam
582 1213 702 1296 ¹potius
731 1212 833 1277 adhuc
862 1235 980 1280 navare
1001 1235 1150 1299 operam,
1183 1228 1229 1295 ut,

199 1328 349 1403 quantum
369 1314 464 1376 situm
483 1311 525 1377 sit
543 1313 582 1375 in·
597 1315 676 1378 meis
696 1315 835 1397 viribus,
857 1317 1016 1380 conferam
1037 1317 1077 1380 ad
1099 1328 1228 1401 exopta·

194 1429 260 1480 tam
281 1412 406 1478 tandem
427 1415 531 1477 lucem
551 1414 646 1496 buic,
678 1437 760 1501 quas
778 1429 827 1480 tot
854 1431 1020 1504 tantosque
1046 1419 1133 1483 viros
1153 1417 1225 1480 doc·

158 1525 162 1533 '
195 1534 245 1585 tos
271 1519 432 1600 exercuit,
465 1519 606 1583 Graecas
622 1506 852 1603 xgrammaticae
880 1523 964 1606 parti
986 1521 1222 1585 accendendam.

194 1623 252 1684 His
274 1620 358 1685 enim
376 1620 593 1707 similibusque
612 1621 727 1702 rebus,
758 1643 839 1709 quas
859 1645 877 1688 a
898 1625 1024 1706 multis,
1055 1645 1118 1687 non
1139 1626 1224 1705 dico,

194 1737 452 1805 contemnuntur,
494 1735 526 1786 at
554 1744 634 1790 vero
667 1725 887 1810 negliguntur,
930 1728 1024 1812 plane
1051 1726 1224 1807 illustratis,

192 1838 259 1889 tum
281 1825 405 1888 demum
426 1808 597 1889 adfirmare
617 1847 800 1915 possumus,
821 1849 881 1891 nos
902 1828 1077 1913 perfactam
1101 1826 1222 1889 absolu-

192 1941 319 2013 tamque
338 1930 496 2008 Graecae,
531 1948 638 1991 amnes
660 1929 735 1993 alias
754 1931 990 2014 pulchritudine
1017 1944 1050 1996 et
1070 1929 1223 2016 elegantia
1295 1936 1297 1941 ’

191 2031 366 2117 superantia
385 2032 510 2117 linguae
531 2032 678 2117 adtigisse
698 2034 919 2120 coguitionem.

425 2193 479 2205 ...-

271 2305 343 2365 Non
364 2301 428 2363 erit
453 2319 527 2364 are
553 2300 708 2384 alienum,
738 2302 826 2367 bisce
854 2320 893 2364 ea
920 2301 1054 2379 subiici,
1085 2322 1166 2386 quae
1181 2304 1220 2368 ,in

188 2405 371 2491 prolusione
410 2403 475 2465 eat.
505 2405 593 2468 Lect.
624 2428 672 2468 an.
702 2406 784 2477 1828
819 2416 983 2487 praeterea
1014 2404 1054 2465 de
1088 2419 1220 2469 accentu

190 2509 330 2571 Graecae
351 2504 475 2586 linguae
495 2504 720 2585 disseruimus,
751 2506 917 2583 docentes,
946 2525 1003 2566 nos
1023 2505 1055 2565 in
1077 2506 1217 2590 legendis

186 2606 278 2671 libris
300 2604 441 2668 oratione
461 2606 602 2689 pedestri
622 2606 809 2688 conscriptis
839 2624 890 2666 eas
912 2605 1046 2687 syllabas
1074 2627 1145 2669 cum
1167 2630 1217 2673 ac.-

188 2722 289 2775 centu
300 2709 504 2791 pronuntiare
525 2711 660 2792 debere,
681 2728 778 2791 supra
799 2728 876 2793 quas
892 2730 909 2771 a
923 2709 1132 2794 grammaticis
1149 2711 1215 2777 eius

186 2811 470 2879 notasinrenimus
492 2815 671 2881 collocatas.

263 3086 337 3148 Alio
366 3086 494 3171 quidem
520 3085 593 3146 loco
607 3083 639 3162 ¹)
672 3078 773 3141 fusius
808 3080 870 3142 iam
903 3082 1142 3167 accuratiusque
1169 3083 1211 3147 ds

185 3200 328 3252 accentus
349 3188 473 3272 linguae
488 3187 629 3248 Graecae
648 3194 758 3243 natura
779 3194 811 3244 et
831 3181 937 3243 indole
958 3183 1095 3265 egimus,
1116 3198 1211 3271 atque

185 3288 349 3350 ostendere
370 3287 562 3357 studuimus,
584 3284 615 3343 in
636 3281 776 3366 legendis
798 3282 886 3343 libris
909 3284 1050 3346 oratione
1069 3287 1211 3369 pedestri

183 3390 307 3473 scriptis
329 3409 396 3451 eam
425 3383 671 3467 uniuscuiusque
699 3385 786 3445 vocis
807 3382 956 3464 syllabam
986 3405 1057 3447 cum
1080 3399 1210 3449 accentu
1281 3445 1287 3458 ,

183 3513 251 3555 csse
279 3490 490 3564 efferendam,
524 3505 618 3569 quam
649 3486 894 3569 agrammaticia
923 3486 1013 3571 apice
1035 3488 1209 3551 invenimus

181 3595 366 3678 insignitam.
416 3590 459 3649 At
480 3587 564 3647 enim
592 3608 670 3650 vero
699 3609 796 3672 quum
819 3589 901 3652 baud
928 3592 1021 3673 pauci
1041 3591 1121 3669 sint,
1154 3586 1219 3676 qui'

178 3686 298 3759 bancce
317 3711 386 3754 rem
406 3686 507 3750 adbuc
525 3687 559 3749 in
576 3688 800 3754 dubitationem
818 3706 942 3772 vocent,
964 3712 1026 3754 non
1043 3706 1101 3772 cst,
1122 3695 1209 3778 quod

181 3810 364 3870 versamur,
395 3806 437 3853 ne
458 3808 477 3852 a
495 3791 661 3876 proposito
681 3778 854 3859 videamur:
865 3794 1035 3877 aberrare,
1064 3793 1207 3861 breviter

180 3959 395 3999 ...aua-¹·-

201 4108 205 4115 ·
247 4092 279 4157 1)
303 4090 357 4146 ute
374 4091 467 4149 betas
488 4110 544 4151 voa
561 4095 628 4153 dem
644 4095 747 4152 tamna
772 4097 823 4154 dar
849 4096 1048 4159 ammaum
1071 4098 1205 4175 'puellm

149 4177 352 4263 gausliballcb
368 4182 535 4243 sntsnmtr.
568 4184 781 4253 fistulatim

67 4344 131 4520 κ
197 4358 201 4363 ,
