2616 4814
676 690 729 787 ΙΙ.

358 878 362 883 ’
469 875 501 940 D
520 876 551 941 tt
601 876 630 940 Δ
649 878 681 943 tt
699 880 728 943 '1'
747 872 762 941 i
781 876 807 942 0
828 879 856 944 U
875 879 903 944 L
922 877 937 940 1

191 1005 519 1099 GRAECAE
548 1008 865 1113 LINGUAE
901 1004 1239 1113 ouletNEs

626 1189 693 1235 nnc
714 1191 781 1235 nnn

351 1294 412 1359 DE
430 1292 562 1359 IPSIUS
587 1294 668 1359 USU
686 1294 804 1358 APUD
829 1286 1051 1361 HOMERUM.

628 1442 771 1485 11000οῑ

184 1762 302 1883 Nihil
321 1814 468 1903 proiectu
487 1829 552 1897 eet,
573 1818 662 1905 qued
679 1819 833 1887 maiorem
852 1821 884 1884 in
903 1818 1017 1907 tinguit
1038 1820 1213 1885 ediscendis

183 1922 275 1987 nobis
296 1917 423 1983 adferre
442 1919 543 2002 potnit
562 1920 749 2003 utilitatem,
775 1944 869 2008 quam
888 1934 992 2002 recta,
1017 1926 1161 1986 accuiata
1181 1934 1214 1985 et

122 2061 125 2066 ·
182 2021 352 2109 perspicua
371 2020 525 2105 partium,
547 2040 624 2106 quae
645 2023 771 2104 dicunt,
794 2024 945 2089 erationis
967 2020 1122 2109 unguium
1154 2042 1214 2086 nce

181 2124 260 2186 mihi
281 2144 300 2185 n
318 2139 399 2184 vero
425 2121 525 2180 aliene
545 2121 694 2201 preferre
716 2124 847 2197 tidecr,
878 2123 1062 2197 adfirmant,
1095 2141 1214 2199 omnen,

82 2210 112 2281 ⁸.
146 2218 153 2229 ⁶
183 2244 265 2311 quae
285 2219 487 2306 grammatica
508 2217 727 2303 philosophica
749 2219 968 2295 continentur,
1000 2219 1126 2303 regulae
1153 2219 1213 2283 hae

183 2323 363 2410 cognitione
382 2333 541 2405 tamquam
562 2317 741 2383 iirmitcimc
767 2319 826 2383 niti
846 2318 1064 2396 fundamento,
1081 2331 1213 2383 totum·

183 2447 246 2513 que
275 2422 493 2508 grammaticen
513 2421 651 2483 studium
678 2422 797 2508 absque
817 2420 871 2482 illa
899 2419 972 2482 vani
992 2437 1061 2482 ceee
1082 2417 1212 2501 laborm,

180 2527 349 2611 nullosque
369 2543 427 2586 noe
448 2523 522 2587 iude
542 2523 664 2588 iructua
685 2543 779 2609 pcme
798 2523 978 2608 percipere,
1001 2522 1062 2585 nini
1083 2524 1211 2587 illorum

181 2626 334 2693 aemonia
376 2625 603 2689 elementorum
642 2638 785 2688 naturam
821 2622 915 2709 piane
946 2627 1211 2709 perspexerimus.

182 2730 286 2827 Quam
314 2728 449 2789 maxime
476 2726 573 2812 igitur
593 2724 765 2819 dolendum
786 2737 851 2804 ent,
884 2726 971 2813 quod
997 2729 1211 2812 grammatica·

180 2853 270 2911 rum„
291 2831 323 2892 in
345 2828 459 2917 quibua
480 2831 621 2894 Graecae
635 2827 830 2915 Latinaeque
850 2829 976 2913 linguae
996 2826 1125 2914 regulae
1136 2850 1211 2914 per·

179 2945 329 2999 tractatae
356 2945 450 3017 atque
478 2932 641 3017 expetitae
668 2943 758 3009 eunt,
796 2944 941 2994 auctores
967 2951 1092 3010 earnm,
1131 2950 1207 3015 quaa

178 3032 393 3121 philosophici
423 3033 600 3119 linguarum
632 3033 873 3115 investigatoren
908 3029 999 3091 nebia
1032 3048 1207 3113 proposue-

179 3148 272 3216 runt,
302 3135 440 3219 partium
460 3122 610 3200 cratinnia
631 3126 846 3196 definitionum
867 3129 984 3192 nullam
1002 3127 1071 3193 iere
1091 3130 1207 3194 habue-

179 3249 254 3301 runt
274 3236 442 3325 rationem,
477 3258 573 3322 quum
594 3255 668 3298 cane
694 3232 726 3294 id
746 3250 841 3315 agere
871 3228 1067 3307 debuissent,
1098 3242 1134 3311 ut
1155 3250 1207 3296 eat

180 3360 274 3425 quam
301 3339 436 3401 maxime
458 3337 576 3412 clarat,
608 3332 810 3418 perspicuae,
842 3342 875 3392 et
896 3324 1040 3395 omnibus
1059 3332 1124 3395 cuit
1150 3355 1206 3396 nu·

179 3440 274 3505 meria
294 3439 449 3525 periectas
470 3436 642 3500 redderent
661 3428 891 3516 absolutaeque.
933 3429 1018 3527 Quid
1042 3433 1128 3497 enim
1147 3446 1205 3513 eet,

179 3542 267 3630 quod
289 3541 387 3627 magia
408 3540 585 3621 linguarum
604 3530 961 3616 etudiecnnperturbet,
989 3534 1205 3620 maioremque

178 3646 241 3709 illic
269 3643 401 3708 facerent
428 3636 589 3712 laborem,
620 3653 712 3716 quarn
733 3633 760 3696 ni
781 3634 942 3698 innumera
963 3633 1035 3713 illa,
1068 3635 1203 3719 quaein

178 3769 237 3811 uau
252 3758 285 3810 et
301 3734 533 3808 constructione
551 3755 576 3797 a.
598 3735 825 3819 compositione
844 3734 1000 3814 infinitivi,
1020 3735 1204 3820 participio·

177 3862 250 3913 rum
277 3834 567 3931 gerundinrumque
594 3855 667 3898 eum
693 3838 816 3922 reliqua
838 3837 979 3899 oratione
1007 3835 1204 3901 observanda

178 3962 266 4025 aunt,
294 3951 463 4027 praecepta
482 3936 543 3999 sibi
562 3937 699 4023 proponi
724 3938 851 4016 vident,
866 3982 869 3987 -
882 3937 1015 4022 quibua,
1043 3952 1079 4003 ut
1106 3934 1202 4002 iuetaa

177 4046 313 4132 partium
334 4038 459 4101 illarum
479 4036 629 4101 orationis
643 4041 842 4124 anquirerent
857 4039 1011 4117 notiones,
1032 4061 1202 4126 numquam

178 4140 356 4229 eontigerit.
406 4140 493 4234 Quae
519 4139 646 4227 quidem
670 4139 747 4206 lieet
771 4140 892 4204 animun
918 4140 1046 4204 minime
1066 4141 1202 4225 reiugiat

75 4398 183 4508 Ἰ
