2616 4814
132 451 184 509 212
217 486 220 493 «
468 448 516 516 ,L
549 449 683 518 manner
701 436 832 518 quartas
879 518 883 523 Ι

30 618 36 635 “
135 617 241 681 deleto
261 627 336 700 post
355 623 487 698 amram,
509 624 544 677 ut
565 612 615 676 bis
636 634 748 681 vorsus
768 613 809 677 ad
825 613 988 700 sequentia
1002 610 1170 677 referatur.

135 723 213 780 Post
234 726 388 801 Capenam
405 715 509 779 maior
531 715 692 780 distinctio
711 715 885 780 faciendas
927 716 971 778 At
984 735 1064 781 vero
1084 714 1171 792 licet,

134 842 191 882 nos
221 840 350 904 qnoque
381 818 585 902 explicationi
611 840 630 882 a
656 819 814 903 Rupertio
843 817 1029 903 propositae
1060 817 1170 880 adsen-

134 923 186 985 tiri
207 942 270 985 non
291 940 403 1006 porse,
424 921 561 1004 ingenue
577 919 747 998 fateamur,
767 916 808 985 ri
828 927 901 986 laiac
921 931 1024 982 tarnan
1038 940 1102 982 non
1120 939 1170 983 so·

133 1026 199 1086 lum
217 1044 279 1086 non
301 1021 517 1107 spernendum
537 1042 626 1101 ease,
648 1021 704 1084 sed
725 1020 785 1085 toti
806 1021 942 1084 orationi
957 1021 1077 1106 optime
1094 1042 1170 1085 con·

133 1112 243 1189 venire
274 1146 457 1205 censemus,
489 1125 587 1189 modo
615 1122 830 1208 interpunctio
859 1122 903 1187 ita
931 1136 1092 1206 mutetur,
1123 1136 1170 1206 ut,

132 1230 252 1291 maiore
274 1228 475 1292 distinctione
495 1241 571 1313 p'oat
590 1218 866 1311 capenam'lacta,
885 1222 925 1294 ri
947 1235 1038 1312 tina,
1060 1212 1099 1289 ab
1116 1249 1168 1289 an·

130 1331 347 1396 recedentibus
376 1329 436 1392 bac
456 1331 581 1394 ratione
600 1329 796 1406 seiunctum,
831 1328 871 1390 ad
891 1326 990 1390 rerba
1010 1349 1107 1393 versu
1128 1318 1168 1402 17

130 1433 282 1497 exstantia
315 1434 371 1516 (ln
404 1433 521 1496 vallem
551 1432 688 1516 Egeriae
722 1429 962 1515 descendimus)
997 1431 1166 1496 referatur.

128 1538 217 1596 Haec
238 1533 322 1597 enim
344 1534 463 1614 verba,
484 1548 520 1599 ut
540 1554 624 1597 nunc
645 1530 773 1617 quidem
795 1543 901 1594 textus
922 1552 957 1594 ae
978 1532 1104 1613 habet,¹
1120 1537 1167 1603 ni·

111 1636 187 1698 'mis
208 1636 292 1698 nude
313 1648 347 1698 et
366 1655 498 1718 prorsus
521 1632 657 1718 abrupto
678 1632 821 1717 adposita
842 1645 932 1712 sunt,
959 1648 992 1698 et
1012 1637 1166 1720 particula

127 1747 235 1804 deinde
258 1749 312 1800 aut
333 1737 436 1800 simile
457 1735 579 1821 aliquid
599 1736 711 1799 saltem
733 1734 945 1798 adiiciendum
966 1734 1096 1819 luisset3'
1134 1753 1166 1804 et

127 1860 165 1901 aa
186 1858 334 1923 quoque,
365 1858 447 1924 quae
467 1852 564 1922 poeta
585 1838 626 1901 ad
653 1836 818 1902 avaritiam
844 1836 1071 1922 imperatorum
1092 1863 1165 1927 per·

127 1941 361 2024 stringendam,
381 1941 436 2026 qui
457 1942 552 2002 etiam
573 1940 644 2003 loca
664 1938 821 2023 religione
840 1952 960 2003 sacrata
973 1941 1057 2004 lucri
1073 1964 1165 2009 causa

126 2044 286 2122 locarent,
307 2042 348 2104 de
369 2042 442 2104 luco
463 2041 560 2104 Musis
581 2040 686 2104 dicato
707 2039 830 2120 adfert,
854 2041 947 2104 nimis
968 2043 1049 2106 duro
1067 2046 1188 2112 inter-¹

126 2146 229 2229 posita
256 2145 425 2221 videntur,
458 2164 563 2229 neque
585 2163 658 2205 cum
682 2142 806 2227 reliqua
834 2144 978 2208 oratione
1007 2148 1091 2212 bene
1111 2170 1165 2215 eo·

127 2248 266 2310 haerent.
320 2246 443 2334 Quodsi
465 2266 544 2309 vero
565 2266 642 2323 nos,
674 2243 713 2307 iis
733 2244 765 2306 in
788 2246 974 2309 memoriam
994 2252 1164 2334 revocatio,

127 2370 206 2433 quae
236 2350 277 2410 de
306 2347 397 2424 loco,
431 2345 487 2407 ubi
506 2350 608 2408 Numa
638 2366 711 2407 curn
740 2346 858 2429 Egeria
887 2352 1163 2437 congrediebatur,

126 2461 257 2511 auctore
278 2446 520 2509 Holdawortlrio
545 2446 644 2529 (Dias.
655 2446 728 2527 IV.)
749 2449 861 2530 Heyne
883 2452 937 2532 (ad
949 2452 1081 2519 Aeneid.
1094 2459 1163 2541 Vll,

126 2550 210 2629 763.)
233 2547 347 2628 tradit,
377 2548 433 2611 ubi
455 2547 609 2631 »Egeriae
629 2547 700 2610 fons
723 2560 756 2612 et
775 2549 884 2631 lucus,
905 2552 1023 2638 inquit,
1044 2557 1078 2621 in
1099 2582 1164 2645 quo

125 2651 274 2715 educatus
295 2649 356 2713 tuit
375 2649 525 2729 Virbius,
551 2649 591 2711 ad
611 2650 751 2714 Ariciam
773 2664 838 2716 eat:
874 2654 953 2717 alius
972 2658 1070 2743 vulgo
1090 2683 1163 2726 aar·

124 2766 212 2816 ratur
232 2771 337 2836 propo
356 2754 492 2813 Romam
506 2751 546 2815 ad
559 2765 687 2836 portam
700 2754 870 2838 Capenam.
912 2756 1066 2823 Fabulam
1083 2765 1163 2827 utri·

70 2893 76 2909 ,
124 2876 187 2941 que
209 2875 408 2918 communem
430 2873 498 2935 esse
528 2853 568 2917 de
591 2857 711 2918 Numae
740 2874 812 2918 cnm
834 2858 951 2941 Egeria
980 2880 1163 2948 congressu,

123 2955 253 3040 putabat
272 2955 315 3034 is,
337 2955 392 3040 qui
412 2954 591 3040 diligenter¹
603 2956 644 3018 de
661 2958 790 3041 coegit,
814 2957 941 3023 Cluver.
957 2983 990 3044 p.
1002 2967 1062 3035 931
1075 2988 1163 3055 sqq„

33 3054 35 3059 ’
97 3055 179 3119 ·sed
198 3056 327 3119 Ariciae
356 3076 467 3119 nemus
488 3069 522 3119 et
543 3055 615 3131 lona
644 3071 692 3120 eat
713 3059 852 3142 Egeriae
872 3060 1003 3142 domus,
1035 3082 1162 3137 antrum

124 3170 227 3222 autem
256 3159 454 3242 Capenarum
482 3158 541 3221 sub
571 3160 729 3224 Aventino
765 3158 827 3222 fuit
854 3160 944 3225 locus
973 3185 1162 3253 congraum

123 3281 195 3324 cum
215 3263 358 3325 Numera
388 3295 428 3308 -
456 3259 588 3346 quodsi,
611 3259 758 3346 inquam,
779 3259 828 3324 bia
849 3261 881 3326 in
904 3270 1088 3335 memoriam
1108 3296 1161 3341 ra·

124 3362 262 3442 vocatis,
282 3370 333 3429 laia
351 3362 383 3424 in
405 3370 478 3428 nina
498 3373 668 3442 mutamus,
690 3364 880 3449 punctisque
900 3381 975 3451 post
992 3371 1035 3439 ro*
1054 3387 1161 3458 armet-

121 3474 175 3531 lea-
197 3467 241 3548 (v.
263 3463 317 3545 11)
339 3474 373 3526 at
392 3460 434 3529 τὰ
457 3470 599 3530 Cumania
621 3466 666 3547 (v.
688 3468 743 3548 17)
772 3465 921 3547 sublatio,
949 3472 1160 3564 versibusque

122 3571 162 3637 15
189 3580 221 3631 et
248 3571 288 3638 16
316 3564 544 3651 parentbeaeoa
573 3565 664 3653 signo
696 3569 824 3633 inclusis
850 3583 953 3635 totum
980 3573 1126 3643 locumi

122 3670 358 3736 constituimus:
1119 3697 1121 3701 ⁴

159 3773 225 3836 Sed
246 3770 321 3833 dum
340 3783 408 3837 tota
428 3771 542 3836 domus
562 3771 661 3835 rheda
684 3774 978 3858 componituruna,

162 3872 309 3936 Substitit
329 3873 370 3936 ad
390 3886 517 3939 veteres
538 3894 630 3937 arcus
651 3872 872 3962 madidamque
890 3879 1057 3963 Capenam.

159 3985 258 4059 Hine,
277 3975 333 4036 ubi
353 3990 526 4040 nocturnae
547 3980 649 4040 Numa
670 3979 882 4043 constituebat
902 3982 1031 4066 amicae,

156 4078 247 4138 Nunc
267 4077 350 4140 ascri
366 4075 462 4143 lontio
484 4098 595 4143 namna
616 4091 648 4143 et
670 4078 802 4144 delubra
822 4082 968 4147 locantur

156 4177 297 4260 Iudaeis,
318 4198 455 4263 quorum
476 4180 631 4265 cophinus
652 4179 848 4271 foenumque
867 4187 1026 4273 supellex,
1103 4244 1108 4255 .

818 4460 857 4547 w
915 4388 918 4392 ,

1215 3882 1226 3921 l
