2616 4814
437 359 873 461 meamea-mutia
967 400 970 406 ·
1123 388 1201 475 ltt⁴
1305 406 1307 410 ·

130 577 202 625 eoae
223 553 287 643 ἄγε
310 555 362 624 ἵνα
383 553 504 649 impau-
538 558 609 620 Hae
629 571 709 622 vero
730 556 855 620 ratione
875 575 945 617 rem
965 574 1030 619 non
1050 550 1177 637 confici,

132 663 198 727 iam
217 659 385 724 Disaenius
406 655 549 739 monuit,
581 678 645 721 non
665 659 768 722 colum
788 655 970 743 poeailtilia‚
1001 656 1059 722 aed
1080 658 1178 722 etiam

129 761 311 826 necessaria
331 761 535 827 coniunctivo
555 761 679 842 notari,
700 783 757 824 noa
777 761 905 824 ducena.
946 760 996 823 Ao
1014 757 1176 844 profecto,

131 865 204 951 guia
224 877 293 945 eat,
325 866 381 950 qui
403 864 547 944 dubitet,
580 864 745 951 quincius
768 863 941 927 sententiae
961 862 1101 927 calculur
1121 864 1176 925 ad·

129 968 285 1032 iiciendua
306 965 369 1048 ait,
389 989 488 1053 quum
507 965 710 1034 coniunctivo
732 978 858 1046 censet,
886 966 939 1045 id,
965 965 1054 1050 quod
1073 965 1179 1049 ponit,

130 1069 175 1132 ita
195 1069 292 1154 poni,
313 1080 349 1131 ut
368 1068 496 1132 aliunde
515 1067 678 1153 pendeat?
699 1066 858 1163 Quoniam
878 1085 957 1130 vero
978 1065 1040 1134 Vir
1055 1066 1114 1129 cel
1135 1065 1177 1131 de

129 1171 242 1233 modia.
261 1169 355 1236 verbi
382 1171 525 1234 Graecae
556 1172 621 1255 agit
647 1171 792 1253 linguae,
824 1170 856 1231 in
885 1190 948 1254 qua
980 1167 1176 1232 coniunctivi

130 1271 331 1358 optativique
352 1271 434 1336 ratio
454 1272 667 1338 diversissima
690 1284 756 1351 eat,
786 1269 821 1332 hi
847 1269 913 1335 duo
933 1271 1023 1334 modi
1042 1290 1121 1337 vero
1141 1271 1177 1335 iu
1293 1258 1295 1262 ¹

131 1374 242 1458 lingua
261 1374 375 1437 Latina
397 1396 492 1438 unam
513 1369 712 1461 eandemque
732 1372 1024 1456 habentinam,
1044 1374 1106 1437 alia
1118 1393 1177 1437 no·

128 1475 180 1538 hia
208 1476 483 1561 progrediendum
509 1498 580 1541 eoae
608 1478 661 1543 ria
688 1488 801 1562 sponte
828 1488 925 1561 patet
975 1476 1177 1562 Adpoueuda

131 1591 240 1642 antem
259 1579 400 1665 primum
421 1580 551 1643 omniuo
573 1578 647 1659 illa,
668 1598 750 1664 quae
769 1578 935 1642 Disaenius
957 1581 1113 1663 aagtoiter
1135 1580 1177 1643 de

129 1681 264 1767 optativi
290 1682 324 1746 vi
344 1681 441 1745 tradit
462 1694 559 1768 atque
588 1679 827 1764 significatione.
876 1679 1090 1766 Reliquorum
1118 1681 1176 1746 ille

129 1784 303 1847 modorum
322 1796 435 1845 natura
456 1784 614 1867 explicata
635 1795 730 1865 atque
750 1781 917 1863 exposita,
949 1783 1066 1845 'aModi
1088 1797 1176 1846 ante·

129 1888 300 1964 cedentes,
317 1883 438 1969 inquit
452 1886 504 1964 ¹),
531 1883 595 1946 hoc
615 1881 734 1945 habent
755 1902 941 1962 commune,
974 1883 1062 1968 quod
1082 1886 1179 1948 unice

129 1987 229 2052 rebus
250 1986 350 2051 menti
371 1985 506 2048 obiectio
526 1985 638 2049 intenti
660 1982 852 2066 cogitantem
871 1984 976 2068 ipaum
996 2006 1062 2050 non
1075 1987 1177 2070 respi-

90 2161 94 2165 ,
128 2091 235 2170 ciunt,
267 2102 319 2165 et,
350 2099 387 2149 ut
408 2087 584 2150 accuratius
606 2086 727 2164 dicam,
758 2084 839 2146 nihil
858 2098 983 2169 ponunt
1003 2099 1039 2150 ut
1058 2088 1178 2170 cogita·

129 2207 216 2257 tum:
239 2210 356 2276 quare,
377 2210 478 2274 quum
498 2176 603 2251 omnia
624 2186 666 2250 ad
685 2185 845 2250 obiectiva
858 2187 1018 2268 referant,
1040 2188 1176 2255 fortasse

127 2317 194 2359 non
217 2293 300 2356 male
319 2302 460 2357 ueritatis
482 2291 594 2352 modos
616 2278 671 2352 eoa
693 2289 918 2373 adpellaveria.
960 2293 1005 2355 At
1021 2291 1118 2357 homo
1140 2287 1177 2359 aa

130 2400 237 2482 ipaum
258 2414 388 2481 quoque
410 2393 602 2477 cogitantem
622 2388 864 2471 animadvertit,
893 2404 988 2477 atque
1010 2395 1071 2474 ita,
1093 2416 1178 2480 quae

130 2501 215 2563 intua
235 2498 316 2563 liunt
337 2497 370 2557 in
391 2495 496 2559 animo
519 2495 663 2574 intuens,
685 2493 724 2555 ah
740 2494 908 2558 obiectivia
923 2495 1089 2580 distinguit
1102 2498 1177 2561 aub-

129 2602 256 2667 iectiva.
297 2600 404 2682 Atque
424 2607 601 2662 malecauta
621 2595 752 2680 quidem
771 2596 971 2660 indicandia
960 2613 1108 2663 inventus
1128 2616 1177 2667 eat

130 2701 310 2786 optativus,
342 2718 426 2782 quo,
460 2717 542 2782 quae
562 2709 750 2780 ponuntur,
776 2709 826 2760 ut
841 2699 977 2780 cogitata
1002 2716 1178 2784 ponuntur,

131 2805 175 2867 ita
191 2814 236 2882 ut,
257 2820 333 2862 num
355 2797 433 2884 quid
455 2798 497 2900 ait
517 2802 630 2883 eorum
650 2809 740 2861 extra
756 2811 894 2861 mentem
910 2799 1087 2883 cogitantis,
1110 2825 1176 2867 uon

131 2915 334 2989 (punctatum

98 3003 100 3007 ⁴
212 3006 248 3067 In
261 3004 399 3088 lingua
389 3005 488 3088 igitur
498 3002 610 3067 Latina
625 3021 724 3087 quum
741 3002 899 3087 optativua
917 2999 1180 3088 terminationum

131 3108 316 3173 diversitate
338 3129 356 3168 a
378 3107 581 3170 coniunctivo
601 3126 665 3169 nou
686 3106 897 3190 distinguatur
917 3109 1177 3196 seiungamrquc,

129 3211 186 3274 aed
207 3210 260 3272 hic
281 3210 394 3271 modus
417 3231 454 3271 ea
476 3230 604 3295 quoque
625 3220 742 3326 ponat,
764 3229 845 3293 quaa
866 3210 899 3274 in
921 3212 1029 3297 lingua
1049 3215 1175 3281 Graeca

131 3311 275 3398 optativo
297 3311 374 3394 poni
395 3311 519 3392 solent,
538 3312 614 3375 alian
635 3311 882 3396 circumspicere
905 3313 1057 3393 ‹lebamua
1079 3337 1180 3402 reguav

129 3415 195 3495 lae,
229 3435 363 3498 quarum
392 3424 497 3475 tamen
524 3410 763 3478 fundamentum
792 3414 874 3478 illud
904 3435 975 3481 eaae
1002 3415 1178 3494 adfirmare

130 3539 318 3604 possumne,
344 3515 431 3600 quod
452 3537 548 3601 supra
568 3515 609 3579 de
630 3517 824 3582 coniunctivi
844 3520 930 3604 apud
951 3521 1092 3585 Graecos
1113 3543 1175 3585 usu

129 3622 282 3685 traditum
310 3632 375 3697 eat,
408 3618 499 3681 illum
525 3616 676 3683 videlicet
703 3619 867 3703 adhiberi,
900 3621 928 3682 ai
948 3622 989 3684 de
1009 3642 1046 3683 rc
1066 3641 1173 3684 aermo

130 3723 189 3800 ait,
220 3742 301 3806 quae
328 3733 365 3783 ut
391 3720 520 3807 aliunde
550 3719 692 3804 pendens
719 3732 866 3805 ponatur.
918 3721 998 3784 Eiua
1024 3741 1103 3785 vero
1123 3723 1174 3787 rei

130 3825 213 3887 ratio
235 3836 284 3913 eat
303 3822 526 3888 diversissima.
579 3823 671 3914 Quae
691 3825 776 3887 euim
796 3836 833 3887 ut
854 3823 981 3897 aliunde
1002 3813 1173 3906 pendentia

131 3938 312 4012 ponuntur,
332 3926 386 3988 vel
407 3925 564 3988 eiusmodi
584 3940 675 4008 aunt,
695 3939 731 3993 ut
744 3927 785 3993 ab
804 3926 865 3988 alia
878 3925 1038 4010 pendeant
1052 3948 1088 3990 re
1103 3928 1171 3995 aive

131 4068 352 4083 m

196 4100 282 4234 una
300 4128 463 4236 rampant.
480 4170 511 4222 n
528 4165 622 4222 uara
640 4163 729 4221 vau
746 4161 859 4220 unae
878 4162 975 4221 aaa.
990 4108 1069 4253 1aaa
1083 4180 1111 4239 ,μ
1127 4166 1171 4221 ιι.
