2616 4814
548 416 717 470 commentat.
739 413 787 467 111.
1142 413 1196 475 1⁰8

151 578 235 662 agit,
266 596 380 640 nomen
400 576 588 662 primarium
607 578 641 639 in
660 596 849 662 unaquaque
870 575 1083 641 enuntiatione
1104 574 1185 638 ohti-

148 701 228 742 nere
255 680 382 758 locum,
413 679 456 742 ita
486 691 523 743 ut
543 679 667 764 reliqua
695 680 763 742 eiua
789 699 863 762 para
891 676 932 741 ab
952 677 1010 739 illo
1030 677 1184 762 pendeat;
1284 694 1293 739 t

149 782 333 864 saepissime
353 779 399 858 fit,
418 795 457 845 ut
475 782 509 843 id
527 780 759 846 auhsnntivum
779 801 852 843 eum
873 792 1021 864 occupet,
1040 801 1105 866 quo
1119 801 1185 859 res,

147 886 180 944 in
202 906 297 969 quam
317 885 400 947 actio
421 885 542 965 tendit,
574 883 784 968 significatura
826 895 860 946 et
881 882 944 945 hoo
964 879 1111 966 prolecto
1137 895 1186 944 est

147 986 198 1066 id,
220 1006 285 1071 quo
306 1007 364 1064 ea,
385 1007 467 1073 quae
487 987 571 1048 inter
592 987 685 1050 verbi
703 985 839 1049 formam
859 985 995 1047 activam
1015 983 1185 1067 passivam-

146 1108 210 1173 que
230 1089 419 1167 intercedit,
450 1087 628 1151 differentia
647 1088 820 1172 praecipue
840 1085 963 1164 nititur,
983 1097 1016 1147 et
1036 1084 1121 1170 quod
1138 1085 1185 1146 in·

143 1189 257 1273 primis
286 1173 452 1275 respicerc'
471 1190 641 1271 dehemus,
673 1188 800 1276 siquid
822 1188 903 1250 certi
933 1187 974 1248 de
994 1187 1049 1249 illa
1069 1198 1185 1250 statue·

143 1311 183 1353 re
202 1292 358 1354 volumus.
411 1291 598 1356 Subiectum
627 1292 712 1354 enim
740 1289 963 1353 enuntiationis
990 1289 1184 1370 asuhiecto,

144 1393 230 1455 unde
256 1395 339 1457 actio
365 1393 467 1457 verbo
496 1407 602 1457 notata
629 1390 870 1477 proficiscitur,
913 1391 1042 1455 omnino
1073 1391 1183 1455 distin-

91 1544 95 1549 .
143 1496 303 1578 guendum
326 1509 390 1559 est:
413 1496 528 1580 quodsi
549 1516 627 1560 vero
648 1517 711 1556 una
725 1493 901 1576 eademque
920 1493 1092 1556 substantia
1110 1494 1184 1557 sub·

141 1597 261 1659 lectum
282 1597 503 1672 enuntiationis
525 1609 574 1660 eat
593 1610 689 1681 atquc
709 1595 859 1674 actionis,
889 1606 960 1659 tum
980 1595 1075 1663 verbi
1094 1596 1183 1661 adhi-
1280 1633 1289 1645 -

140 1697 237 1761 betur
257 1697 360 1762 fornia
380 1699 511 1777 activat.
533 1698 657 1783 passiva
678 1717 697 1760 e
719 1697 880 1761 contrario
903 1708 981 1761 tnnc
1000 1711 1184 1783 usurpatur,

140 1801 169 1861 si
189 1801 223 1862 in
248 1822 310 1862 una
340 1800 515 1884 eademque
544 1798 699 1863 sententia
725 1796 866 1861 subiecta
888 1800 1112 1862 enuntiationis
1132 1822 1183 1865 ao-

138 1902 299 1987 tionisque
321 1902 404 1964 inter
424 1922 459 1964 se
481 1914 553 1964 sunt
573 1902 708 1963 diversa.
750 1908 812 1965 Hic
828 1909 918 1966 homo
933 1912 1068 1969 ammom
1081 1926 1185 1969 meum

138 2015 267 2089 oceidit,
299 2004 397 2088 igitur
418 1996 522 2067 active
553 2001 673 2065 dictum
694 2014 760 2079 est3
803 2013 936 2066 atvero
958 2005 1192 2067 sententiam-⁴

138 2106 213 2168 dem
238 2105 283 2167 ita
310 2104 486 2180 enuntiata,
521 2091 609 2168 meos
635 2096 756 2167 anticus
780 2110 819 2166 ab
840 2110 898 2168 hoe
917 2111 1041 2171 homine
1061 2116 1184 2173 occisus

135 2220 200 2290 est,
221 2205 379 2290 passivam
397 2204 489 2267 nohis
511 2203 603 2268 'verbi
624 2203 756 2267 exhibet
775 2203 921 2289 formam.

147 2340 151 2352 =
218 2311 353 2373 Praeter
372 2307 553 2385 obiectum,
573 2305 661 2393 quod
676 2304 808 2398 dicunt,
829 2307 963 2371 actionis
984 2309 1045 2372 alia
1061 2330 1114 2372 rea
1129 2308 1183 2377 vel
1253 2382 1262 2399 ἦ

134 2431 273 2496 persona
303 2423 428 2474 exstare
456 2423 581 2494 potest,
614 2428 696 2492 quae
718 2407 772 2469 vel
798 2406 939 2471 lructum
965 2428 1006 2473 ex
1033 2430 1070 2472 ea
1096 2413 1183 2494 capit

135 2527 231 2599 atque
251 2512 284 2574 in
305 2513 395 2575 euius
415 2512 549 2595 gratiam
571 2510 725 2594 cuiusque
738 2529 830 2571 causa
847 2510 902 2573 illa
917 2510 1106 2595 suscipitur,
1126 2514 1180 2577 vel

135 2621 189 2679 cui
208 2616 323 2676 damno
344 2626 395 2675 est
414 2633 452 2675 ac
473 2613 698 2674 detrimentum
722 2610 834 2673 adl'ert.
883 2614 976 2674 Hanc
1005 2633 1076 2676 rem
1105 2634 1179 2699 per·

135 2734 286 2779 sonamve
309 2732 391 2797 quae
412 2711 563 2795 exprimit
582 2733 664 2792 vox,
685 2730 723 2773 aa
744 2712 852 2776 dativo
873 2713 1044 2779 adhibetur
1057 2717 1100 2796 ¹).

137 2853 357 2875 μ

203 2926 235 2993 1)
253 2922 338 2991 „The
350 2921 448 2976 Delios
464 2919 576 2990 implica
592 2921 722 2991 tendency
739 2929 785 2986 to,
804 2924 858 2979 and
875 2923 1061 2997 iremployesl
1076 2943 1179 3000 among

131 3016 170 3071 its
189 3012 274 3067 other
292 3028 358 3067 uses
376 3016 407 3064 to
431 3010 531 3063 denoto
550 3008 600 3064 the
613 3012 686 3079 final
705 3028 805 3074 cause,
831 3010 896 3067 that
914 3013 1002 3086 heing
1024 3014 1076 3069 tlte
1095 3030 1178 3070 muas

132 3111 163 3158 to
180 3103 275 3156 which
291 3102 333 3156 all
351 3103 467 3157 evento,
495 3104 545 3152 not
561 3098 735 3164 fortuitous‚
763 3116 832 3170 may
847 3101 884 3155 he
901 3102 962 3156 auid
981 3109 1011 3158 to
1030 3102 1106 3158 tend.
1147 3102 1178 3157 It

130 3193 156 3246 i·
181 3191 248 3246 thna
271 3192 339 3246 used
363 3189 394 3244 ln
417 3187 468 3243 the
490 3187 640 3261 following
664 3187 819 3257 instanccr,
854 3206 958 3267 mong
980 3191 1175 3252 humarchle

130 3282 236 3338 others.

229 3400 264 3412 -
298 3399 334 3410 -
367 3398 402 3411 -
435 3364 614 3424 tillanoreln
633 3368 752 3426 daedala
770 3370 856 3447 tellao¹
936 3376 938 3381 '

229 3455 381 3513 submittit
397 3456 490 3512 floren

442 3544 445 3557 '
661 3536 816 3625 'latraret

227 3666 262 3680 -
298 3663 331 3677 -
363 3654 399 3678 -·-
433 3637 484 3691 tihi
500 3635 618 3693 brachiu
634 3638 776 3694 contrahit
795 3637 894 3693 Meua

199 3735 202 3741 '
227 3724 359 3796 Scorpius
378 3755 413 3767 -
469 3746 473 3753 ·

594 3816 674 3888 Vin-g.
694 3817 799 3887 Georg.
813 3815 858 3870 l.“

321 3918 324 3925 “
430 3918 434 3923 ’
477 3898 966 3972 .11arrts}t.11.e.4.p.28‘l·

117 3986 177 4062 '‚‚ll
194 4012 214 4067 y
231 4011 249 4050 a
265 4011 365 4054 encore
381 3998 421 4050 uu'
438 4003 527 4053 autre-
541 4002 676 4069 rapport,
697 3994 747 4065 qul
766 4000 809 4048 aet
825 3994 861 4045 de
879 3993 910 4045 la
927 3988 1011 4041 chore
1028 4003 1066 4043 an
1082 3987 1169 4060 prollt

127 4103 165 4139 ou
182 4086 384 4157 audomaga
403 4087 438 4140 de
454 4088 582 4158 laquelle
599 4089 722 4142 d'aatrea
740 4084 840 4136 chorea
856 4094 889 4131 no
906 4082 1077 4147 apportent
1112 4077 1168 4131 ne·

126 4172 311 4249 tugen-qut
328 4179 380 4231 ont
398 4164 449 4230 tio·
463 4181 605 4245 cessent
623 4186 787 4251 maore-⁸¹¹
805 4171 866 4238 ²¹0⁸
888 4180 962 4237 W
979 4165 1057 4230 ⁰⁰1⁸,
1085 4163 1167 4234 qun·
