2616 4814
147 416 156 433 ⁸
192 414 230 473 st
342 420 396 479 1v.
427 422 469 479 De
483 423 604 493 putten
621 420 750 479 nminat·
764 420 853 479 indata
870 426 951 493 atque
965 426 1074 479 mars.

195 580 292 677 Quod
318 584 347 649 si
366 583 428 649 boo
448 606 466 649 a
486 605 566 651 vero
591 606 655 651 non
684 588 779 673 plane
799 587 968 670 abhorret,
999 582 1147 671 proiecto
1166 605 1228 650 nac

195 704 307 749 eorum
335 687 443 770 opinio
472 687 679 773 improbanda
706 690 850 767 videtur,
882 689 938 773 qui
964 701 1095 773 putant,
1127 710 1228 772 genus

94 774 100 785 ¹
194 800 342 851 neutrum
361 788 480 867 serius,
506 789 636 853 rationis
658 790 713 853 lux
734 812 832 877 quum
852 791 914 853 iam
935 791 1077 853 sensibus
1097 792 1229 874 prueln·
1280 822 1285 833 ·

195 902 301 970 caret,
320 888 494 974 inlingnaa
515 890 729 955 introductum
749 903 844 976 atque
865 892 910 955 eis
925 892 1105 955 nominibus
1123 892 1229 974 adsig-

194 1002 301 1053 natum
320 1009 408 1069 esua,
430 1012 513 1075 quae
533 1011 585 1055 res
606 991 787 1055 inanimatas
806 990 1078 1077 significarent1).
1119 993 1228 1057 Multis

193 1113 273 1158 vero
294 1092 495 1157 substantivis
516 1092 569 1155 vel
592 1091 634 1156 ob
655 1092 795 1176 ipsarum
809 1092 945 1157 formam
960 1097 1229 1159 terminationem·

195 1216 276 1281 quc,
296 1196 350 1259 vel
368 1195 462 1257 etiam
483 1214 558 1257 casu
578 1193 714 1279 quodam
734 1193 869 1258 bouvel
889 1196 969 1259 illud
989 1217 1087 1281 genus
1105 1197 1229 1283 potuis·

194 1317 229 1361 sc
250 1296 366 1377 tribui,
385 1296 542 1359 neminem
562 1297 659 1359 credo
679 1294 769 1374 fore,
790 1297 846 1381 qui
865 1309 970 1381 neget.

272 1397 427 1461 Homines
448 1410 552 1461 antem
573 1419 687 1462 revera
704 1398 801 1461 rebus
821 1399 997 1463 inanimatis
1014 1421 1076 1485 pro
1092 1420 1141 1480 ea,
1162 1422 1228 1487 qna

194 1498 235 1563 ab
257 1518 444 1584 unaquaque
466 1520 575 1563 aarum
597 1496 838 1581 adiciebantur,
869 1502 1012 1582 ratione,
1043 1503 1111 1569 sive
1131 1503 1230 1567 atium

170 1600 255 1686 'pro
277 1621 331 1681 aa,
362 1621 456 1686 quam
475 1600 605 1686 singulis
628 1599 800 1665 adhaerere
818 1602 1124 1684 animadvertebant,
1151 1625 1229 1667 con·

195 1704 314 1768 ditione
335 1723 462 1783 sexum,
498 1723 598 1788 eaque
618 1701 659 1765 de
679 1722 770 1765 causa
791 1703 987 1786 nominibus,
1019 1706 1133 1791 quibus
1154 1706 1229 1770 illae

194 1827 248 1871 res
268 1804 474 1885 notabantur,
499 1804 705 1867 masculinum
725 1803 778 1868 vel
798 1801 984 1869 femininum
1005 1828 1104 1891 genus
1126 1805 1230 1891 adaig-

193 1929 302 1989 nasse,
324 1907 391 1973 eius
410 1907 460 1971 rei
480 1906 650 1969 maximum
671 1905 895 1971 documentum
916 1906 1008 1970 nobis
1027 1907 1157 1972 exbibet
1169 1908 1229 1971 lin·

194 2032 256 2097 gua
277 2011 468 2096 Anglicana,
489 2008 521 2071 in
543 2029 622 2095 qua,
643 2008 762 2071 utiam
782 2008 977 2091 monuimus,
997 2008 1076 2073 baec
1090 2006 1229 2089 nomina,

194 2115 275 2179 sicut
296 2114 388 2177 etiam
410 2132 447 2174 ea
467 2108 679 2190 substantiva,
708 2130 790 2195 quae
810 2111 954 2173 notiones
983 2112 1153 2175 abstractas
1175 2131 1229 2174 ex·

193 2218 350 2303 primunt,
369 2213 503 2299 proprie
524 2211 665 2275 neutrius
685 2213 810 2294 generis
831 2212 996 2275 habentur.
1037 2214 1080 2278 At
1100 2232 1180 2278 vero
1201 2214 1229 2276 si

194 2317 298 2383 oratio
317 2314 497 2395 sublimior,
517 2312 677 2377 incitatior
696 2325 791 2398 atque
811 2311 969 2378 fervidior
986 2310 1040 2397 fit,
1060 2314 1102 2377 ita
1116 2326 1229 2378 utnon

193 2573 246 2629 dar
261 2574 339 2629 scisse
356 2572 486 2644 zephyr,
511 2571 558 2627 die
584 2572 663 2629 blava
687 2572 916 2643 Wsssssqnells,
943 2574 1000 2629 und
1018 2574 1069 2629 dcv·
1085 2573 1231 2647 micbtiga

194 2664 305 2730 Occasu,
321 2692 357 2707 -
373 2662 437 2719 utre
455 2680 544 2735 ganne
555 2662 734 2735 Mytbologie
750 2664 824 2735 lisgt
838 2665 868 2720 in
888 2666 939 2719 den
951 2665 1157 2737 Fundgrubcn,
1175 2668 1231 2721 den

195 2754 286 2808 Verbis
303 2754 361 2807 uad
377 2754 534 2807 Nominibus
550 2754 601 2807 der
617 2754 695 2807 alten
708 2752 867 2824 Spmcbcn,
888 2755 945 2809 nnd
962 2755 1013 2809 dus
1030 2754 1132 2809 ilteste
1143 2755 1231 2810 Wdr-

193 2841 315 2899 terbucb
338 2856 398 2895 vver
414 2856 445 2895 so
471 2840 517 2896 eiu
535 2842 667 2896 tinendss
686 2842 848 2909 Pantheon,
874 2842 920 2897 ein
938 2844 1232 2913 Vammmtnnguaat

192 2932 292 2987 boldcs
307 2930 527 2996 Gcscblecbter,
546 2933 589 2987 ais
606 2931 659 2985 den
677 2932 779 2987 Sinncn
791 2934 840 2986 des
854 2939 947 2987 ersten
957 2933 1099 2985 Erindes-s
1113 2933 1158 2984 die
1169 2934 1232 2987 Na-

193 3028 242 3075 tus
259 3037 328 3075 vas.
368 3020 402 3073 ln
419 3020 523 3073 diesem
542 3020 678 3073 Bctracbt
700 3018 738 3071 ist
757 3017 803 3071 die
821 3017 945 3086 lprache
960 3018 1042 3082 jener
1059 3017 1136 3070 alten
1154 3015 1231 3073 Wil-

191 3112 244 3164 dcn
269 3110 313 3165 cin
331 3110 463 3164 Studium
482 3109 510 3163 iu
529 3110 583 3163 den
609 3110 765 3177 lrrgingan
782 3106 985 3159 menscblicbcr
1003 3104 1154 3160 Pbantmie
1172 3108 1232 3163 und

191 3200 439 3263 Iacidcnscbaiten,
457 3198 511 3251 wie
528 3196 590 3249 ihre
608 3194 795 3265 Mythologis.
839 3196 910 3249 tata
928 3194 1048 3249 Familis
1065 3213 1121 3251 von
1141 3199 1229 3254 Wdr·

191 3292 255 3341 tarn
270 3288 308 3341 ist
318 3286 364 3343 cin
375 3285 588 3339 verwscbscnes
601 3284 733 3336 Gabiscb
748 3282 827 3353 ring·
837 3301 885 3337 um
897 3283 958 3337 eine
968 3284 1104 3341 sinulicbe
1115 3289 1229 3357 Haupt-

190 3373 270 3439 idse,
295 3373 350 3428 vie
367 3390 416 3427 nm
440 3372 501 3425 cine
526 3372 633 3442 heiliga
650 3372 757 3437 dicha,
786 3373 837 3426 aui
860 3372 910 3425 der
931 3373 1003 3426 noch
1023 3373 1132 3443 spurca
1154 3377 1227 3443 sind,

189 3463 317 3517 velcbcn
337 3461 479 3515 Eindrncls
504 3461 554 3513 der
577 3460 706 3513 lirssndar
729 3477 785 3513 von
807 3460 886 3513 ibren·
910 3462 1025 3530 ornata
1042 3462 1131 3518 betto.
1172 3466 1227 3519 Die

191 3552 313 3611 Geivibte
328 3549 391 3605 sind
405 3548 466 3603 ibm
480 3550 770 3619 zusammengevvebtr
790 3566 897 3616 „,‚vas
914 3548 976 3602 sich
992 3550 1130 3621 beweget,
1150 3551 1228 3609 lebts

189 3662 248 3701 ns
265 3644 301 3699 ds
321 3645 418 3707 unat,
443 3638 552 3711 spricht
574 3668 609 3681 ·-
634 3640 690 3693 und
708 3639 743 3693 da
760 3656 790 3692 ss
808 3640 854 3693 iiu-
871 3639 940 3693 oder
957 3639 1045 3693 vvider
1066 3640 1131 3693 dicia
1153 3647 1225 3708 tons,

189 3756 221 3793 so
238 3736 297 3791 ist's
313 3732 428 3789 Frcunst
443 3733 511 3785 oder
528 3730 634 3796 Feind‚
661 3731 731 3785 Gott
746 3730 813 3784 oder
829 3730 961 3787 Gatttinnv
995 3747 1025 3782 es
1043 3730 1158 3786 baudslt
1175 3750 1227 3789 sus

190 3826 440 3889 bcidcuscbaitcn,
469 3820 522 3876 vvis
547 3822 642 3875 du.““
692 3821 804 3875 Herder
829 3821 898 3873 vibat
925 3820 977 3873 den
1005 3820 1152 3890 Ursprung
1176 3825 1226 3879 der

190 3916 323 3989 Sprccbe.
341 3916 417 3969 besl.
436 3912 514 3969 ltttt.
529 3928 556 3983 p.
569 3910 604 3967 91
615 3926 657 3981 sq.
691 3912 735 3965 Gi.
750 3909 864 3963 Moritu-
880 3909 1022 3963 nannete
1037 3909 1225 3982 Sprnnhtehre

189 4005 218 4061 iu
233 4004 357 4067 aneton,
376 4021 403 4072 p.
420 4002 484 4057 lttl.
516 3999 655 4055 biotticus
674 3999 798 4068 Allgcm.
817 3997 1025 4069 Syrachkundm
1043 4016 1072 4067 p.
1086 3998 1148 4056 tta.

254 4092 287 4161 1)
311 4091 491 4147 Bernhardi's
520 4088 753 4161 antnngngrfinde
778 4088 829 4140 der
857 4085 1166 4157 spanohvtnaamtntt.
1198 4109 1225 4161 1³·

189 4184 300 4255 anon.
335 4174 984 4245 ramnumncuum.usna.a
