<?xml version="1.0" encoding="UTF-8"?>
<!DOCTYPE html PUBLIC "-//W3C//DTD XHTML 1.0 Transitional//EN"
    "http://www.w3.org/TR/xhtml1/DTD/xhtml1-transitional.dtd">
<html xmlns="http://www.w3.org/1999/xhtml" xml:lang="en" lang="en">
 <head>
  <title>
</title>
<meta http-equiv="Content-Type" content="text/html;charset=utf-8" />
  <meta name='ocr-system' content='tesseract 3.04.00' />
  <meta name='ocr-capabilities' content='ocr_page ocr_carea ocr_par ocr_line ocrx_word'/>
</head>
<body>
  <div class='ocr_page' id='page_1' title='image "./carfrchrwagneri00wagngoog_0220.png"; bbox 0 0 2616 4814; ppageno 0'>
   <div class='ocr_carea' id='block_1_1' title="bbox 427 418 1174 493">
    <p class='ocr_par' dir='ltr' id='par_1_1' title="bbox 427 418 1174 493">
     <span class='ocr_line' id='line_1_1' title="bbox 427 418 1174 493; baseline -0.008 -13"><span class='ocrx_word' id='word_1_1' title='bbox 427 432 529 480; x_wconf 71' lang='lat' dir='ltr'><strong>muru</strong></span> <span class='ocrx_word' id='word_1_2' title='bbox 545 441 649 493; x_wconf 81' lang='lat' dir='ltr'><strong>usuque</strong></span> <span class='ocrx_word' id='word_1_3' title='bbox 668 423 863 478; x_wconf 72' lang='lat' dir='ltr'><strong>csnssnaato.</strong></span> <span class='ocrx_word' id='word_1_4' title='bbox 1121 418 1174 475; x_wconf 70' lang='grc'><strong>119</strong></span> 
     </span>
    </p>
   </div>
   <div class='ocr_carea' id='block_1_2' title="bbox 83 580 1227 2612">
    <p class='ocr_par' dir='ltr' id='par_1_2' title="bbox 83 580 1227 2612">
     <span class='ocr_line' id='line_1_2' title="bbox 83 580 1171 674; baseline -0.01 -18"><span class='ocrx_word' id='word_1_5' title='bbox 83 580 86 585; x_wconf 48' lang='grc'><strong>’</strong></span> <span class='ocrx_word' id='word_1_6' title='bbox 127 593 224 655; x_wconf 89' lang='lat' dir='ltr'><strong>bitus.</strong></span> <span class='ocrx_word' id='word_1_7' title='bbox 268 595 370 652; x_wconf 80' lang='lat' dir='ltr'><strong>»Tum</strong></span> <span class='ocrx_word' id='word_1_8' title='bbox 383 602 437 652; x_wconf 87' lang='lat' dir='ltr'><strong>aut</strong></span> <span class='ocrx_word' id='word_1_9' title='bbox 450 591 631 674; x_wconf 88' lang='lat' dir='ltr'><strong>anquirunt,</strong></span> <span class='ocrx_word' id='word_1_10' title='bbox 652 601 706 649; x_wconf 90' lang='lat' dir='ltr'><strong>aut</strong></span> <span class='ocrx_word' id='word_1_11' title='bbox 720 587 911 663; x_wconf 76' lang='lat' dir='ltr'>consultant,</span> <span class='ocrx_word' id='word_1_12' title='bbox 932 586 972 647; x_wconf 89' lang='lat' dir='ltr'><strong>ad</strong></span> <span class='ocrx_word' id='word_1_13' title='bbox 988 585 1074 648; x_wconf 77' lang='lat' dir='ltr'><strong>vitoe</strong></span> <span class='ocrx_word' id='word_1_14' title='bbox 1086 603 1171 646; x_wconf 90' lang='lat' dir='ltr'><strong>com·</strong></span> 
     </span>
     <span class='ocr_line' id='line_1_3' title="bbox 128 687 1172 774; baseline -0.008 -17"><span class='ocrx_word' id='word_1_15' title='bbox 128 695 315 759; x_wconf 79' lang='lat' dir='ltr'><strong>moditatem</strong></span> <span class='ocrx_word' id='word_1_16' title='bbox 335 692 646 774; x_wconf 87' lang='lat' dir='ltr'><strong>iucunditatemque,</strong></span> <span class='ocrx_word' id='word_1_17' title='bbox 680 689 720 752; x_wconf 87' lang='lat' dir='ltr'><strong>ad</strong></span> <span class='ocrx_word' id='word_1_18' title='bbox 742 687 925 751; x_wconf 77' lang='lat' dir='ltr'><strong>facultatem</strong></span> <span class='ocrx_word' id='word_1_19' title='bbox 946 708 1056 750; x_wconf 88' lang='lat' dir='ltr'><strong>rerum</strong></span> <span class='ocrx_word' id='word_1_20' title='bbox 1077 699 1172 772; x_wconf 82' lang='lat' dir='ltr'><strong>atque</strong></span> 
     </span>
     <span class='ocr_line' id='line_1_4' title="bbox 129 790 1172 880; baseline -0.006 -22"><span class='ocrx_word' id='word_1_21' title='bbox 129 793 255 880; x_wconf 84' lang='lat' dir='ltr'><strong>copias,</strong></span> <span class='ocrx_word' id='word_1_22' title='bbox 276 795 316 855; x_wconf 90' lang='lat' dir='ltr'><strong>ad</strong></span> <span class='ocrx_word' id='word_1_23' title='bbox 333 815 428 877; x_wconf 90' lang='lat' dir='ltr'><strong>opes,</strong></span> <span class='ocrx_word' id='word_1_24' title='bbox 451 793 490 855; x_wconf 87' lang='lat' dir='ltr'><strong>ad</strong></span> <span class='ocrx_word' id='word_1_25' title='bbox 510 793 705 876; x_wconf 86' lang='lat' dir='ltr'><strong>potentiam,</strong></span> <span class='ocrx_word' id='word_1_26' title='bbox 728 790 843 875; x_wconf 86' lang='lat' dir='ltr'><strong>quibus</strong></span> <span class='ocrx_word' id='word_1_27' title='bbox 865 802 898 852; x_wconf 92' lang='lat' dir='ltr'><strong>et</strong></span> <span class='ocrx_word' id='word_1_28' title='bbox 918 809 953 851; x_wconf 88' lang='lat' dir='ltr'><strong>se</strong></span> <span class='ocrx_word' id='word_1_29' title='bbox 974 802 1104 873; x_wconf 77' lang='lat' dir='ltr'><strong>possent</strong></span> <span class='ocrx_word' id='word_1_30' title='bbox 1124 790 1172 852; x_wconf 90' lang='lat' dir='ltr'><strong>in·</strong></span> 
     </span>
     <span class='ocr_line' id='line_1_5' title="bbox 129 892 1174 978; baseline -0.002 -17"><span class='ocrx_word' id='word_1_31' title='bbox 129 919 226 978; x_wconf 75' lang='lat' dir='ltr'><strong>aare,</strong></span> <span class='ocrx_word' id='word_1_32' title='bbox 247 910 279 960; x_wconf 89' lang='lat' dir='ltr'><strong>et</strong></span> <span class='ocrx_word' id='word_1_33' title='bbox 299 917 390 976; x_wconf 86' lang='lat' dir='ltr'><strong>suos,</strong></span> <span class='ocrx_word' id='word_1_34' title='bbox 412 895 570 959; x_wconf 82' lang='lat' dir='ltr'><strong>conducat</strong></span> <span class='ocrx_word' id='word_1_35' title='bbox 590 894 643 971; x_wconf 94' lang='lat' dir='ltr'><strong>id,</strong></span> <span class='ocrx_word' id='word_1_36' title='bbox 664 913 723 955; x_wconf 90' lang='lat' dir='ltr'><strong>nec</strong></span> <span class='ocrx_word' id='word_1_37' title='bbox 741 913 801 971; x_wconf 90' lang='lat' dir='ltr'><strong>ne,</strong></span> <span class='ocrx_word' id='word_1_38' title='bbox 830 892 870 955; x_wconf 91' lang='lat' dir='ltr'><strong>de</strong></span> <span class='ocrx_word' id='word_1_39' title='bbox 893 912 957 977; x_wconf 86' lang='lat' dir='ltr'><strong>quo</strong></span> <span class='ocrx_word' id='word_1_40' title='bbox 979 900 1174 959; x_wconf 63' lang='lat' dir='ltr'><strong>dehonorata</strong></span> 
     </span>
     <span class='ocr_line' id='line_1_6' title="bbox 129 990 1173 1076; baseline -0.005 -15"><span class='ocrx_word' id='word_1_41' title='bbox 129 999 196 1061; x_wconf 89' lang='lat' dir='ltr'><strong>Cic.</strong></span> <span class='ocrx_word' id='word_1_42' title='bbox 221 1000 263 1060; x_wconf 89' lang='lat' dir='ltr'><strong>de</strong></span> <span class='ocrx_word' id='word_1_43' title='bbox 294 997 389 1063; x_wconf 72' lang='lat' dir='ltr'><strong>Oltis</strong></span> <span class='ocrx_word' id='word_1_44' title='bbox 419 999 450 1076; x_wconf 90' lang='lat'><strong>1,</strong></span> <span class='ocrx_word' id='word_1_45' title='bbox 472 990 512 1075; x_wconf 64' lang='lat'><strong>32</strong></span> <span class='ocrx_word' id='word_1_46' title='bbox 531 1003 561 1065; x_wconf 88' lang='grc'><strong>9.</strong></span> <span class='ocrx_word' id='word_1_47' title='bbox 616 996 766 1060; x_wconf 84' lang='lat' dir='ltr'><strong>Auctoris</strong></span> <span class='ocrx_word' id='word_1_48' title='bbox 799 995 904 1067; x_wconf 83' lang='lat' dir='ltr'><strong>animo</strong></span> <span class='ocrx_word' id='word_1_49' title='bbox 933 995 1083 1056; x_wconf 91' lang='lat' dir='ltr'><strong>nimirum</strong></span> <span class='ocrx_word' id='word_1_50' title='bbox 1110 994 1173 1056; x_wconf 90' lang='lat' dir='ltr'><strong>hoc</strong></span> 
     </span>
     <span class='ocr_line' id='line_1_7' title="bbox 129 1082 1173 1183; baseline -0.001 -23"><span class='ocrx_word' id='word_1_51' title='bbox 129 1101 203 1163; x_wconf 89' lang='lat' dir='ltr'><strong>loco</strong></span> <span class='ocrx_word' id='word_1_52' title='bbox 232 1099 317 1162; x_wconf 89' lang='lat' dir='ltr'><strong>haud</strong></span> <span class='ocrx_word' id='word_1_53' title='bbox 345 1100 556 1165; x_wconf 84' lang='lat' dir='ltr'><strong>observantur</strong></span> <span class='ocrx_word' id='word_1_54' title='bbox 585 1120 656 1179; x_wconf 85' lang='lat' dir='ltr'><strong>ros,</strong></span> <span class='ocrx_word' id='word_1_55' title='bbox 690 1098 730 1160; x_wconf 92' lang='lat' dir='ltr'><strong>de</strong></span> <span class='ocrx_word' id='word_1_56' title='bbox 752 1082 867 1183; x_wconf 56' lang='lat' dir='ltr'><strong>(suibus</strong></span> <span class='ocrx_word' id='word_1_57' title='bbox 899 1096 1080 1160; x_wconf 85' lang='lat' dir='ltr'><strong>deliberare</strong></span> <span class='ocrx_word' id='word_1_58' title='bbox 1100 1116 1173 1181; x_wconf 79' lang='lat' dir='ltr'><strong>pos·</strong></span> 
     </span>
     <span class='ocr_line' id='line_1_8' title="bbox 127 1184 1199 1286; baseline -0.001 -21"><span class='ocrx_word' id='word_1_59' title='bbox 127 1204 209 1280; x_wconf 84' lang='lat' dir='ltr'><strong>sint,</strong></span> <span class='ocrx_word' id='word_1_60' title='bbox 239 1202 296 1264; x_wconf 88' lang='lat' dir='ltr'><strong>sed</strong></span> <span class='ocrx_word' id='word_1_61' title='bbox 318 1201 358 1263; x_wconf 89' lang='lat' dir='ltr'><strong>de</strong></span> <span class='ocrx_word' id='word_1_62' title='bbox 379 1201 494 1286; x_wconf 90' lang='lat' dir='ltr'><strong>quibus</strong></span> <span class='ocrx_word' id='word_1_63' title='bbox 515 1223 552 1264; x_wconf 90' lang='lat' dir='ltr'><strong>rc</strong></span> <span class='ocrx_word' id='word_1_64' title='bbox 568 1184 649 1263; x_wconf 78' lang='lat' dir='ltr'><strong>¹veru</strong></span> <span class='ocrx_word' id='word_1_65' title='bbox 670 1199 858 1275; x_wconf 80' lang='lat' dir='ltr'><strong>deliberant.</strong></span> <span class='ocrx_word' id='word_1_66' title='bbox 907 1203 987 1262; x_wconf 90' lang='lat' dir='ltr'><strong>Eam</strong></span> <span class='ocrx_word' id='word_1_67' title='bbox 1008 1200 1108 1284; x_wconf 86' lang='lat' dir='ltr'><strong>ipsam</strong></span> <span class='ocrx_word' id='word_1_68' title='bbox 1130 1199 1199 1278; x_wconf 44' lang='lat' dir='ltr'><strong>ob,</strong></span> 
     </span>
     <span class='ocr_line' id='line_1_9' title="bbox 130 1303 1173 1386; baseline -0.002 -20"><span class='ocrx_word' id='word_1_69' title='bbox 130 1323 257 1366; x_wconf 87' lang='lat' dir='ltr'><strong>causam</strong></span> <span class='ocrx_word' id='word_1_70' title='bbox 278 1303 484 1366; x_wconf 83' lang='lat' dir='ltr'><strong>Gernhardus</strong></span> <span class='ocrx_word' id='word_1_71' title='bbox 505 1306 545 1371; x_wconf 88' lang='lat' dir='ltr'><strong>V.</strong></span> <span class='ocrx_word' id='word_1_72' title='bbox 564 1304 604 1364; x_wconf 90' lang='lat' dir='ltr'><strong>cl.</strong></span> <span class='ocrx_word' id='word_1_73' title='bbox 626 1303 832 1366; x_wconf 85' lang='lat' dir='ltr'><strong>indicativum</strong></span> <span class='ocrx_word' id='word_1_74' title='bbox 850 1315 927 1368; x_wconf 79' lang='lat' dir='ltr'><strong>cunt</strong></span> <span class='ocrx_word' id='word_1_75' title='bbox 945 1303 1067 1386; x_wconf 89' lang='lat' dir='ltr'><strong>optime</strong></span> <span class='ocrx_word' id='word_1_76' title='bbox 1082 1321 1173 1386; x_wconf 85' lang='lat' dir='ltr'><strong>prae·</strong></span> 
     </span>
     <span class='ocr_line' id='line_1_10' title="bbox 129 1402 1227 1470; baseline -0.001 -2"><span class='ocrx_word' id='word_1_77' title='bbox 129 1405 204 1468; x_wconf 89' lang='lat' dir='ltr'><strong>tulit</strong></span> <span class='ocrx_word' id='word_1_78' title='bbox 223 1405 428 1470; x_wconf 84' lang='lat' dir='ltr'><strong>coniunctivo</strong></span> <span class='ocrx_word' id='word_1_79' title='bbox 450 1407 483 1467; x_wconf 91' lang='lat' dir='ltr'><strong>io</strong></span> <span class='ocrx_word' id='word_1_80' title='bbox 504 1406 554 1467; x_wconf 88' lang='lat' dir='ltr'><strong>his</strong></span> <span class='ocrx_word' id='word_1_81' title='bbox 576 1405 741 1468; x_wconf 85' lang='lat' dir='ltr'><strong>Ciceronis</strong></span> <span class='ocrx_word' id='word_1_82' title='bbox 762 1403 889 1468; x_wconf 84' lang='lat' dir='ltr'><strong>verbis:</strong></span> <span class='ocrx_word' id='word_1_83' title='bbox 916 1402 1100 1467; x_wconf 72' lang='lat' dir='ltr'><strong>»Privatum</strong></span> <span class='ocrx_word' id='word_1_84' title='bbox 1120 1426 1174 1467; x_wconf 86' lang='lat' dir='ltr'><strong>au·</strong></span> <span class='ocrx_word' id='word_1_85' title='bbox 1224 1414 1227 1419; x_wconf 86' lang='lat'>&#39;</span> 
     </span>
     <span class='ocr_line' id='line_1_11' title="bbox 130 1506 1174 1592; baseline -0.001 -22"><span class='ocrx_word' id='word_1_86' title='bbox 130 1522 195 1571; x_wconf 88' lang='lat' dir='ltr'><strong>tem</strong></span> <span class='ocrx_word' id='word_1_87' title='bbox 223 1520 352 1592; x_wconf 82' lang='lat' dir='ltr'><strong>oportet</strong></span> <span class='ocrx_word' id='word_1_88' title='bbox 381 1527 484 1592; x_wconf 85' lang='lat' dir='ltr'><strong>aequo</strong></span> <span class='ocrx_word' id='word_1_89' title='bbox 513 1520 546 1570; x_wconf 91' lang='lat' dir='ltr'><strong>et</strong></span> <span class='ocrx_word' id='word_1_90' title='bbox 571 1508 643 1590; x_wconf 89' lang='lat' dir='ltr'><strong>pari</strong></span> <span class='ocrx_word' id='word_1_91' title='bbox 672 1528 745 1570; x_wconf 90' lang='lat' dir='ltr'><strong>cum</strong></span> <span class='ocrx_word' id='word_1_92' title='bbox 775 1506 922 1569; x_wconf 88' lang='lat' dir='ltr'><strong>omnibus</strong></span> <span class='ocrx_word' id='word_1_93' title='bbox 951 1508 1022 1570; x_wconf 87' lang='lat' dir='ltr'><strong>iure</strong></span> <span class='ocrx_word' id='word_1_94' title='bbox 1051 1507 1174 1586; x_wconf 80' lang='lat' dir='ltr'><strong>vivere,</strong></span> 
     </span>
     <span class='ocr_line' id='line_1_12' title="bbox 129 1607 1175 1694; baseline -0.001 -23"><span class='ocrx_word' id='word_1_95' title='bbox 129 1617 236 1694; x_wconf 82' lang='lat' dir='ltr'><strong>neque</strong></span> <span class='ocrx_word' id='word_1_96' title='bbox 257 1608 448 1671; x_wconf 85' lang='lat' dir='ltr'><strong>submissum</strong></span> <span class='ocrx_word' id='word_1_97' title='bbox 470 1621 502 1672; x_wconf 88' lang='lat' dir='ltr'><strong>et</strong></span> <span class='ocrx_word' id='word_1_98' title='bbox 515 1608 689 1689; x_wconf 87' lang='lat' dir='ltr'><strong>abiectum,</strong></span> <span class='ocrx_word' id='word_1_99' title='bbox 709 1629 815 1694; x_wconf 89' lang='lat' dir='ltr'><strong>neque</strong></span> <span class='ocrx_word' id='word_1_100' title='bbox 827 1629 861 1670; x_wconf 92' lang='lat' dir='ltr'><strong>se</strong></span> <span class='ocrx_word' id='word_1_101' title='bbox 875 1607 1085 1672; x_wconf 75' lang='lat' dir='ltr'><strong>efferentem:</strong></span> <span class='ocrx_word' id='word_1_102' title='bbox 1105 1622 1175 1672; x_wconf 89' lang='lat' dir='ltr'><strong>tum</strong></span> 
     </span>
     <span class='ocr_line' id='line_1_13' title="bbox 130 1698 1173 1797; baseline 0.001 -23"><span class='ocrx_word' id='word_1_103' title='bbox 130 1713 165 1775; x_wconf 92' lang='lat' dir='ltr'><strong>in</strong></span> <span class='ocrx_word' id='word_1_104' title='bbox 184 1713 349 1797; x_wconf 80' lang='lat' dir='ltr'><strong>republica</strong></span> <span class='ocrx_word' id='word_1_105' title='bbox 372 1733 410 1776; x_wconf 85' lang='lat' dir='ltr'><strong>es</strong></span> <span class='ocrx_word' id='word_1_106' title='bbox 431 1698 535 1792; x_wconf 77' lang='lat' dir='ltr'><strong>vene,</strong></span> <span class='ocrx_word' id='word_1_107' title='bbox 566 1732 648 1797; x_wconf 87' lang='lat' dir='ltr'><strong>quae</strong></span> <span class='ocrx_word' id='word_1_108' title='bbox 668 1711 841 1794; x_wconf 84' lang='lat' dir='ltr'><strong>tranquilla</strong></span> <span class='ocrx_word' id='word_1_109' title='bbox 862 1723 896 1774; x_wconf 89' lang='lat' dir='ltr'><strong>et</strong></span> <span class='ocrx_word' id='word_1_110' title='bbox 917 1710 1050 1775; x_wconf 85' lang='lat' dir='ltr'><strong>honesta</strong></span> <span class='ocrx_word' id='word_1_111' title='bbox 1072 1725 1173 1778; x_wconf 77' lang='lat' dir='ltr'><strong>suut«</strong></span> 
     </span>
     <span class='ocr_line' id='line_1_14' title="bbox 130 1813 1175 1895; baseline 0 -21"><span class='ocrx_word' id='word_1_112' title='bbox 130 1815 176 1877; x_wconf 86' lang='lat' dir='ltr'><strong>ld.</strong></span> <span class='ocrx_word' id='word_1_113' title='bbox 198 1814 276 1875; x_wconf 83' lang='lat' dir='ltr'><strong>ibid.</strong></span> <span class='ocrx_word' id='word_1_114' title='bbox 297 1816 331 1893; x_wconf 94' lang='lat'><strong>1,</strong></span> <span class='ocrx_word' id='word_1_115' title='bbox 351 1814 412 1894; x_wconf 81' lang='grc'>34,</span> <span class='ocrx_word' id='word_1_116' title='bbox 434 1815 504 1883; x_wconf 74' lang='grc'><strong>194.</strong></span> <span class='ocrx_word' id='word_1_117' title='bbox 554 1815 639 1876; x_wconf 87' lang='lat' dir='ltr'><strong>Huic</strong></span> <span class='ocrx_word' id='word_1_118' title='bbox 666 1813 715 1873; x_wconf 87' lang='lat' dir='ltr'><strong>rei</strong></span> <span class='ocrx_word' id='word_1_119' title='bbox 743 1832 875 1894; x_wconf 88' lang='lat' dir='ltr'><strong>prorsus</strong></span> <span class='ocrx_word' id='word_1_120' title='bbox 905 1813 1098 1875; x_wconf 84' lang='lat' dir='ltr'><strong>conveniunt</strong></span> <span class='ocrx_word' id='word_1_121' title='bbox 1126 1832 1175 1895; x_wconf 87' lang='lat' dir='ltr'><strong>ca,</strong></span> 
     </span>
     <span class='ocr_line' id='line_1_15' title="bbox 132 1913 1175 2003; baseline -0.008 -24"><span class='ocrx_word' id='word_1_122' title='bbox 132 1936 215 2003; x_wconf 84' lang='lat' dir='ltr'><strong>quae</strong></span> <span class='ocrx_word' id='word_1_123' title='bbox 235 1915 435 1980; x_wconf 86' lang='lat' dir='ltr'><strong>Goerenzius</strong></span> <span class='ocrx_word' id='word_1_124' title='bbox 455 1927 565 1977; x_wconf 90' lang='lat' dir='ltr'><strong>monet</strong></span> <span class='ocrx_word' id='word_1_125' title='bbox 588 1914 628 1976; x_wconf 90' lang='lat' dir='ltr'><strong>ad</strong></span> <span class='ocrx_word' id='word_1_126' title='bbox 649 1914 715 1996; x_wconf 79' lang='lat' dir='ltr'><strong>cic,</strong></span> <span class='ocrx_word' id='word_1_127' title='bbox 738 1913 779 1976; x_wconf 86' lang='lat' dir='ltr'><strong>de</strong></span> <span class='ocrx_word' id='word_1_128' title='bbox 800 1913 871 1975; x_wconf 91' lang='lat' dir='ltr'><strong>Fin.</strong></span> <span class='ocrx_word' id='word_1_129' title='bbox 891 1913 937 1992; x_wconf 93' lang='lat'><strong>11,</strong></span> <span class='ocrx_word' id='word_1_130' title='bbox 957 1916 1010 1991; x_wconf 81' lang='grc'>31,</span> <span class='ocrx_word' id='word_1_131' title='bbox 1030 1917 1088 1992; x_wconf 92' lang='grc'>99,</span> <span class='ocrx_word' id='word_1_132' title='bbox 1108 1914 1175 1995; x_wconf 82' lang='lat' dir='ltr'><strong>ubi,</strong></span> 
     </span>
     <span class='ocr_line' id='line_1_16' title="bbox 132 2014 1176 2102; baseline -0.003 -21"><span class='ocrx_word' id='word_1_133' title='bbox 132 2018 377 2097; x_wconf 62' lang='lat' dir='ltr'><strong>uindicatum,-</strong></span> <span class='ocrx_word' id='word_1_134' title='bbox 394 2017 516 2102; x_wconf 84' lang='lat' dir='ltr'><strong>iuquit,</strong></span> <span class='ocrx_word' id='word_1_135' title='bbox 550 2016 643 2079; x_wconf 80' lang='lat' dir='ltr'><strong>verbi</strong></span> <span class='ocrx_word' id='word_1_136' title='bbox 663 2038 731 2080; x_wconf 85' lang='lat' dir='ltr'><strong>esse</strong></span> <span class='ocrx_word' id='word_1_137' title='bbox 756 2014 907 2098; x_wconf 87' lang='lat' dir='ltr'><strong>ponitur,</strong></span> <span class='ocrx_word' id='word_1_138' title='bbox 940 2034 1012 2077; x_wconf 89' lang='lat' dir='ltr'><strong>cnm</strong></span> <span class='ocrx_word' id='word_1_139' title='bbox 1040 2015 1176 2081; x_wconf 84' lang='lat' dir='ltr'><strong>verbum</strong></span> 
     </span>
     <span class='ocr_line' id='line_1_17' title="bbox 132 2105 1175 2196; baseline -0.003 -11"><span class='ocrx_word' id='word_1_140' title='bbox 132 2121 366 2186; x_wconf 78' lang='lat' dir='ltr'><strong>substantivum</strong></span> <span class='ocrx_word' id='word_1_141' title='bbox 387 2105 609 2183; x_wconf 75' lang='lat' dir='ltr'><strong>adseveranter</strong></span> <span class='ocrx_word' id='word_1_142' title='bbox 629 2117 775 2196; x_wconf 84' lang='lat' dir='ltr'><strong>additur3</strong></span> <span class='ocrx_word' id='word_1_143' title='bbox 809 2117 896 2179; x_wconf 91' lang='lat' dir='ltr'><strong>etin</strong></span> <span class='ocrx_word' id='word_1_144' title='bbox 917 2117 1075 2182; x_wconf 88' lang='lat' dir='ltr'><strong>eiusmodi</strong></span> <span class='ocrx_word' id='word_1_145' title='bbox 1094 2119 1175 2182; x_wconf 83' lang='lat' dir='ltr'><strong>loeis</strong></span> 
     </span>
     <span class='ocr_line' id='line_1_18' title="bbox 133 2217 1176 2315; baseline -0.002 -28"><span class='ocrx_word' id='word_1_146' title='bbox 133 2222 413 2315; x_wconf 75' lang='lat' dir='ltr'><strong>grammaticorum</strong></span> <span class='ocrx_word' id='word_1_147' title='bbox 432 2221 563 2304; x_wconf 83' lang='lat' dir='ltr'><strong>regula,</strong></span> <span class='ocrx_word' id='word_1_148' title='bbox 585 2241 626 2281; x_wconf 86' lang='lat' dir='ltr'><strong>ex</strong></span> <span class='ocrx_word' id='word_1_149' title='bbox 648 2240 710 2305; x_wconf 86' lang='lat' dir='ltr'><strong>qua</strong></span> <span class='ocrx_word' id='word_1_150' title='bbox 732 2219 771 2281; x_wconf 89' lang='lat' dir='ltr'><strong>ad</strong></span> <span class='ocrx_word' id='word_1_151' title='bbox 793 2217 1019 2283; x_wconf 80' lang='lat' dir='ltr'><strong>Accusativum</strong></span> <span class='ocrx_word' id='word_1_152' title='bbox 1039 2222 1176 2285; x_wconf 78' lang='lat' dir='ltr'><strong>cumin·</strong></span> 
     </span>
     <span class='ocr_line' id='line_1_19' title="bbox 133 2314 1174 2406; baseline -0.001 -17"><span class='ocrx_word' id='word_1_153' title='bbox 133 2324 256 2391; x_wconf 83' lang='lat' dir='ltr'><strong>linitivo</strong></span> <span class='ocrx_word' id='word_1_154' title='bbox 284 2323 505 2387; x_wconf 78' lang='lat' dir='ltr'><strong>coniunctium</strong></span> <span class='ocrx_word' id='word_1_155' title='bbox 534 2322 648 2385; x_wconf 87' lang='lat' dir='ltr'><strong>modus</strong></span> <span class='ocrx_word' id='word_1_156' title='bbox 677 2322 843 2406; x_wconf 87' lang='lat' dir='ltr'><strong>ponendus</strong></span> <span class='ocrx_word' id='word_1_157' title='bbox 864 2321 924 2400; x_wconf 88' lang='lat' dir='ltr'><strong>sit,</strong></span> <span class='ocrx_word' id='word_1_158' title='bbox 956 2314 1174 2388; x_wconf 65' lang='lat' dir='ltr'><strong>attitulata</strong></span> 
     </span>
     <span class='ocr_line' id='line_1_20' title="bbox 134 2423 1175 2510; baseline -0.002 -19"><span class='ocrx_word' id='word_1_159' title='bbox 134 2465 175 2478; x_wconf 93' lang='lat'>-</span> <span class='ocrx_word' id='word_1_160' title='bbox 201 2426 447 2491; x_wconf 80' lang='lat' dir='ltr'><strong>Coniunctivum</strong></span> <span class='ocrx_word' id='word_1_161' title='bbox 468 2425 600 2488; x_wconf 91' lang='lat' dir='ltr'><strong>modum</strong></span> <span class='ocrx_word' id='word_1_162' title='bbox 620 2438 731 2489; x_wconf 89' lang='lat' dir='ltr'><strong>contra</strong></span> <span class='ocrx_word' id='word_1_163' title='bbox 752 2424 973 2510; x_wconf 87' lang='lat' dir='ltr'><strong>reponendum</strong></span> <span class='ocrx_word' id='word_1_164' title='bbox 993 2423 1116 2488; x_wconf 89' lang='lat' dir='ltr'><strong>censuit</strong></span> <span class='ocrx_word' id='word_1_165' title='bbox 1136 2429 1175 2496; x_wconf 79' lang='lat' dir='ltr'><strong>V.</strong></span> 
     </span>
     <span class='ocr_line' id='line_1_21' title="bbox 133 2508 1177 2612; baseline -0.001 -19"><span class='ocrx_word' id='word_1_166' title='bbox 133 2532 175 2593; x_wconf 89' lang='lat' dir='ltr'><strong>n.</strong></span> <span class='ocrx_word' id='word_1_167' title='bbox 196 2521 233 2593; x_wconf 66' lang='lat' dir='ltr'><strong>ni</strong></span> <span class='ocrx_word' id='word_1_168' title='bbox 249 2528 315 2592; x_wconf 73' lang='lat' dir='ltr'><strong>sn:</strong></span> <span class='ocrx_word' id='word_1_169' title='bbox 346 2530 444 2591; x_wconf 72' lang='lat' dir='ltr'><strong>»nui</strong></span> <span class='ocrx_word' id='word_1_170' title='bbox 465 2523 626 2591; x_wconf 65' lang='lat' dir='ltr'><strong>naman.</strong></span> <span class='ocrx_word' id='word_1_171' title='bbox 647 2508 831 2590; x_wconf 68' lang='lat' dir='ltr'><strong>nuusnou</strong></span> <span class='ocrx_word' id='word_1_172' title='bbox 853 2527 931 2612; x_wconf 79' lang='lat' dir='ltr'><strong>quse</strong></span> <span class='ocrx_word' id='word_1_173' title='bbox 950 2527 1069 2591; x_wconf 66' lang='lat' dir='ltr'><strong>assisa</strong></span> <span class='ocrx_word' id='word_1_174' title='bbox 1089 2529 1177 2592; x_wconf 68' lang='lat' dir='ltr'><strong>usa</strong></span> 
     </span>
    </p>
   </div>
   <div class='ocr_carea' id='block_1_3' title="bbox 134 2628 1296 2714">
    <p class='ocr_par' dir='ltr' id='par_1_3' title="bbox 134 2628 1296 2714">
     <span class='ocr_line' id='line_1_22' title="bbox 134 2628 1296 2714; baseline 0.001 -20"><span class='ocrx_word' id='word_1_175' title='bbox 134 2632 243 2695; x_wconf 89' lang='lat' dir='ltr'><strong>turin</strong></span> <span class='ocrx_word' id='word_1_176' title='bbox 265 2633 325 2709; x_wconf 91' lang='lat' dir='ltr'><strong>iis,</strong></span> <span class='ocrx_word' id='word_1_177' title='bbox 354 2650 435 2714; x_wconf 86' lang='lat' dir='ltr'><strong>quae</strong></span> <span class='ocrx_word' id='word_1_178' title='bbox 455 2628 497 2690; x_wconf 89' lang='lat' dir='ltr'><strong>de</strong></span> <span class='ocrx_word' id='word_1_179' title='bbox 519 2630 667 2691; x_wconf 85' lang='lat' dir='ltr'><strong>Sirenum</strong></span> <span class='ocrx_word' id='word_1_180' title='bbox 688 2630 833 2692; x_wconf 88' lang='lat' dir='ltr'><strong>cantibus</strong></span> <span class='ocrx_word' id='word_1_181' title='bbox 853 2635 999 2714; x_wconf 53' lang='lat' dir='ltr'><strong>finctori&amp;</strong></span> <span class='ocrx_word' id='word_1_182' title='bbox 1033 2631 1115 2714; x_wconf 80' lang='lat' dir='ltr'><strong>(Cic.</strong></span> <span class='ocrx_word' id='word_1_183' title='bbox 1137 2631 1178 2695; x_wconf 90' lang='lat' dir='ltr'><strong>de</strong></span> <span class='ocrx_word' id='word_1_184' title='bbox 1291 2666 1296 2685; x_wconf 64' lang='grc' dir='ltr'>ι</span> 
     </span>
    </p>
   </div>
   <div class='ocr_carea' id='block_1_4' title="bbox 60 2729 1227 4340">
    <p class='ocr_par' dir='ltr' id='par_1_4' title="bbox 60 2729 1227 4340">
     <span class='ocr_line' id='line_1_23' title="bbox 136 2729 1179 2815; baseline 0.003 -21"><span class='ocrx_word' id='word_1_185' title='bbox 136 2733 207 2794; x_wconf 83' lang='lat' dir='ltr'><strong>Fin.</strong></span> <span class='ocrx_word' id='word_1_186' title='bbox 227 2733 260 2809; x_wconf 93' lang='lat' dir='ltr'><strong>I,</strong></span> <span class='ocrx_word' id='word_1_187' title='bbox 281 2735 338 2806; x_wconf 83' lang='grc'>18,</span> <span class='ocrx_word' id='word_1_188' title='bbox 358 2730 417 2809; x_wconf 76' lang='grc'>49,</span> <span class='ocrx_word' id='word_1_189' title='bbox 447 2729 512 2790; x_wconf 77' lang='lat' dir='ltr'><strong>ubi·</strong></span> <span class='ocrx_word' id='word_1_190' title='bbox 525 2730 580 2791; x_wconf 90' lang='lat' dir='ltr'><strong>alii</strong></span> <span class='ocrx_word' id='word_1_191' title='bbox 598 2735 696 2807; x_wconf 73' lang='lat' dir='ltr'><strong>fiuctt</strong></span> <span class='ocrx_word' id='word_1_192' title='bbox 715 2731 861 2815; x_wconf 89' lang='lat' dir='ltr'><strong>legunt),</strong></span> <span class='ocrx_word' id='word_1_193' title='bbox 890 2751 1040 2811; x_wconf 87' lang='lat' dir='ltr'><strong>mouens,</strong></span> <span class='ocrx_word' id='word_1_194' title='bbox 1071 2745 1179 2796; x_wconf 88' lang='lat' dir='ltr'><strong>aucto·</strong></span> 
     </span>
     <span class='ocr_line' id='line_1_24' title="bbox 137 2829 1179 2915; baseline -0.002 -19"><span class='ocrx_word' id='word_1_195' title='bbox 137 2853 205 2896; x_wconf 91' lang='lat' dir='ltr'><strong>rem</strong></span> <span class='ocrx_word' id='word_1_196' title='bbox 227 2832 273 2893; x_wconf 86' lang='lat' dir='ltr'><strong>sie</strong></span> <span class='ocrx_word' id='word_1_197' title='bbox 294 2829 427 2892; x_wconf 88' lang='lat' dir='ltr'><strong>dubium</strong></span> <span class='ocrx_word' id='word_1_198' title='bbox 446 2830 650 2914; x_wconf 84' lang='lat' dir='ltr'><strong>relinquere,</strong></span> <span class='ocrx_word' id='word_1_199' title='bbox 668 2845 788 2894; x_wconf 82' lang='lat' dir='ltr'><strong>¹utrum</strong></span> <span class='ocrx_word' id='word_1_200' title='bbox 807 2843 905 2915; x_wconf 84' lang='lat' dir='ltr'><strong>poeta</strong></span> <span class='ocrx_word' id='word_1_201' title='bbox 927 2829 1067 2894; x_wconf 84' lang='lat' dir='ltr'><strong>fabulam</strong></span> <span class='ocrx_word' id='word_1_202' title='bbox 1087 2835 1179 2896; x_wconf 85' lang='lat' dir='ltr'><strong>istam</strong></span> 
     </span>
     <span class='ocr_line' id='line_1_25' title="bbox 137 2932 1099 3017; baseline -0.002 -19"><span class='ocrx_word' id='word_1_203' title='bbox 137 2933 287 2998; x_wconf 87' lang='lat' dir='ltr'><strong>traditam</strong></span> <span class='ocrx_word' id='word_1_204' title='bbox 307 2932 488 3017; x_wconf 86' lang='lat' dir='ltr'><strong>acceperit,</strong></span> <span class='ocrx_word' id='word_1_205' title='bbox 511 2954 551 2994; x_wconf 89' lang='lat' dir='ltr'><strong>an</strong></span> <span class='ocrx_word' id='word_1_206' title='bbox 570 2945 685 3016; x_wconf 89' lang='lat' dir='ltr'><strong>suopte</strong></span> <span class='ocrx_word' id='word_1_207' title='bbox 706 2932 834 3017; x_wconf 89' lang='lat' dir='ltr'><strong>ingenio</strong></span> <span class='ocrx_word' id='word_1_208' title='bbox 856 2933 1099 3017; x_wconf 79' lang='lat' dir='ltr'><strong>excogitaverit.</strong></span> 
     </span>
     <span class='ocr_line' id='line_1_26' title="bbox 218 3025 1180 3120; baseline 0.006 -23"><span class='ocrx_word' id='word_1_209' title='bbox 218 3036 353 3098; x_wconf 88' lang='lat' dir='ltr'><strong>Sensum</strong></span> <span class='ocrx_word' id='word_1_210' title='bbox 372 3025 506 3120; x_wconf 61' lang='lat' dir='ltr'><strong>&#39;quoque</strong></span> <span class='ocrx_word' id='word_1_211' title='bbox 519 3034 746 3097; x_wconf 83' lang='lat' dir='ltr'><strong>tantummodo</strong></span> <span class='ocrx_word' id='word_1_212' title='bbox 758 3033 978 3119; x_wconf 82' lang='lat' dir='ltr'><strong>respicientes,</strong></span> <span class='ocrx_word' id='word_1_213' title='bbox 1001 3035 1085 3098; x_wconf 85' lang='lat' dir='ltr'><strong>haud</strong></span> <span class='ocrx_word' id='word_1_214' title='bbox 1100 3056 1180 3102; x_wconf 80' lang='lat' dir='ltr'><strong>vero</strong></span> 
     </span>
     <span class='ocr_line' id='line_1_27' title="bbox 137 3135 1182 3224; baseline 0.003 -23"><span class='ocrx_word' id='word_1_215' title='bbox 137 3135 262 3221; x_wconf 89' lang='lat' dir='ltr'><strong>regulas</strong></span> <span class='ocrx_word' id='word_1_216' title='bbox 284 3159 303 3199; x_wconf 88' lang='lat' dir='ltr'><strong>a</strong></span> <span class='ocrx_word' id='word_1_217' title='bbox 324 3137 536 3221; x_wconf 79' lang='lat' dir='ltr'><strong>grammaticis</strong></span> <span class='ocrx_word' id='word_1_218' title='bbox 565 3138 597 3199; x_wconf 91' lang='lat' dir='ltr'><strong>in</strong></span> <span class='ocrx_word' id='word_1_219' title='bbox 618 3136 758 3200; x_wconf 88' lang='lat' dir='ltr'><strong>medium</strong></span> <span class='ocrx_word' id='word_1_220' title='bbox 779 3137 921 3221; x_wconf 84' lang='lat' dir='ltr'><strong>prolatas</strong></span> <span class='ocrx_word' id='word_1_221' title='bbox 943 3138 1092 3224; x_wconf 88' lang='lat' dir='ltr'><strong>sequuti,</strong></span> <span class='ocrx_word' id='word_1_222' title='bbox 1124 3160 1182 3204; x_wconf 91' lang='lat' dir='ltr'><strong>no·</strong></span> 
     </span>
     <span class='ocr_line' id='line_1_28' title="bbox 138 3238 1180 3327; baseline 0.002 -24"><span class='ocrx_word' id='word_1_223' title='bbox 138 3238 259 3303; x_wconf 85' lang='lat' dir='ltr'><strong>vissimi</strong></span> <span class='ocrx_word' id='word_1_224' title='bbox 289 3240 430 3304; x_wconf 90' lang='lat' dir='ltr'><strong>editores</strong></span> <span class='ocrx_word' id='word_1_225' title='bbox 460 3239 721 3326; x_wconf 81' lang='lat' dir='ltr'><strong>insequentibus</strong></span> <span class='ocrx_word' id='word_1_226' title='bbox 752 3240 831 3303; x_wconf 89' lang='lat' dir='ltr'><strong>locis</strong></span> <span class='ocrx_word' id='word_1_227' title='bbox 853 3241 1091 3304; x_wconf 77' lang='lat' dir='ltr'><strong>coniunctivam</strong></span> <span class='ocrx_word' id='word_1_228' title='bbox 1118 3263 1180 3327; x_wconf 92' lang='lat' dir='ltr'><strong>pro</strong></span> 
     </span>
     <span class='ocr_line' id='line_1_29' title="bbox 138 3339 1182 3427; baseline 0.003 -22"><span class='ocrx_word' id='word_1_229' title='bbox 138 3341 311 3407; x_wconf 81' lang='lat' dir='ltr'><strong>indicativo</strong></span> <span class='ocrx_word' id='word_1_230' title='bbox 340 3356 564 3426; x_wconf 87' lang='lat' dir='ltr'><strong>reposuerunt.</strong></span> <span class='ocrx_word' id='word_1_231' title='bbox 616 3339 762 3425; x_wconf 80' lang='lat' dir='ltr'><strong>»Pyrrho</strong></span> <span class='ocrx_word' id='word_1_232' title='bbox 791 3343 928 3406; x_wconf 85' lang='lat' dir='ltr'><strong>maxime</strong></span> <span class='ocrx_word' id='word_1_233' title='bbox 958 3343 1102 3427; x_wconf 81' lang='lat' dir='ltr'><strong>(videtur</strong></span> <span class='ocrx_word' id='word_1_234' title='bbox 1130 3366 1182 3408; x_wconf 88' lang='lat' dir='ltr'><strong>er·</strong></span> 
     </span>
     <span class='ocr_line' id='line_1_30' title="bbox 139 3442 1186 3533; baseline -0.001 -26"><span class='ocrx_word' id='word_1_235' title='bbox 139 3444 259 3525; x_wconf 83' lang='lat' dir='ltr'><strong>rasse),</strong></span> <span class='ocrx_word' id='word_1_236' title='bbox 289 3443 361 3527; x_wconf 86' lang='lat' dir='ltr'><strong>qui,</strong></span> <span class='ocrx_word' id='word_1_237' title='bbox 390 3444 509 3507; x_wconf 86' lang='lat' dir='ltr'><strong>virtute</strong></span> <span class='ocrx_word' id='word_1_238' title='bbox 529 3448 716 3526; x_wconf 85' lang='lat' dir='ltr'><strong>constituta,</strong></span> <span class='ocrx_word' id='word_1_239' title='bbox 729 3442 825 3533; x_wconf 30' lang='lat' dir='ltr'><strong>,nihil</strong></span> <span class='ocrx_word' id='word_1_240' title='bbox 846 3445 994 3527; x_wconf 89' lang='lat' dir='ltr'><strong>omuino,</strong></span> <span class='ocrx_word' id='word_1_241' title='bbox 1019 3445 1106 3531; x_wconf 85' lang='lat' dir='ltr'><strong>qnod</strong></span> <span class='ocrx_word' id='word_1_242' title='bbox 1129 3444 1186 3508; x_wconf 86' lang='lat' dir='ltr'><strong>ad-</strong></span> 
     </span>
     <span class='ocr_line' id='line_1_31' title="bbox 60 3545 1184 3632; baseline -0.001 -23"><span class='ocrx_word' id='word_1_243' title='bbox 60 3578 64 3586; x_wconf 74' lang='lat'>=</span> <span class='ocrx_word' id='word_1_244' title='bbox 139 3545 312 3631; x_wconf 83' lang='lat' dir='ltr'><strong>petendum</strong></span> <span class='ocrx_word' id='word_1_245' title='bbox 332 3547 393 3624; x_wconf 85' lang='lat' dir='ltr'><strong>sit,</strong></span> <span class='ocrx_word' id='word_1_246' title='bbox 423 3554 577 3628; x_wconf 68' lang='lat' dir='ltr'><strong>relinquat</strong></span> <span class='ocrx_word' id='word_1_247' title='bbox 605 3548 685 3632; x_wconf 84' lang='lat' dir='ltr'><strong>(Cic.</strong></span> <span class='ocrx_word' id='word_1_248' title='bbox 708 3546 748 3611; x_wconf 91' lang='lat' dir='ltr'><strong>de</strong></span> <span class='ocrx_word' id='word_1_249' title='bbox 769 3548 839 3611; x_wconf 88' lang='lat' dir='ltr'><strong>Fin.</strong></span> <span class='ocrx_word' id='word_1_250' title='bbox 862 3550 918 3630; x_wconf 85' lang='lat' dir='ltr'><strong>IV,</strong></span> <span class='ocrx_word' id='word_1_251' title='bbox 937 3552 989 3627; x_wconf 88' lang='grc'>16,</span> <span class='ocrx_word' id='word_1_252' title='bbox 1008 3548 1095 3629; x_wconf 59' lang='grc'>49),</span> <span class='ocrx_word' id='word_1_253' title='bbox 1126 3545 1184 3609; x_wconf 87' lang='lat' dir='ltr'><strong>ubi</strong></span> 
     </span>
     <span class='ocr_line' id='line_1_32' title="bbox 139 3633 1227 3736; baseline -0.007 -21"><span class='ocrx_word' id='word_1_254' title='bbox 139 3651 288 3715; x_wconf 86' lang='lat' dir='ltr'><strong>Eruestio</strong></span> <span class='ocrx_word' id='word_1_255' title='bbox 317 3662 464 3734; x_wconf 86' lang='lat' dir='ltr'><strong>tempora</strong></span> <span class='ocrx_word' id='word_1_256' title='bbox 491 3665 710 3730; x_wconf 80' lang='lat' dir='ltr'><strong>concocunt,</strong></span> <span class='ocrx_word' id='word_1_257' title='bbox 743 3652 800 3736; x_wconf 90' lang='lat' dir='ltr'><strong>qui</strong></span> <span class='ocrx_word' id='word_1_258' title='bbox 819 3661 945 3732; x_wconf 72' lang='lat' dir='ltr'><strong>reliquit</strong></span> <span class='ocrx_word' id='word_1_259' title='bbox 971 3648 1069 3711; x_wconf 88' lang='lat' dir='ltr'><strong>malit.</strong></span> <span class='ocrx_word' id='word_1_260' title='bbox 1119 3633 1184 3711; x_wconf 87' lang='lat' dir='ltr'><strong>Sed</strong></span> <span class='ocrx_word' id='word_1_261' title='bbox 1223 3698 1227 3707; x_wconf 92' lang='lat'><strong>.</strong></span> 
     </span>
     <span class='ocr_line' id='line_1_33' title="bbox 140 3743 1184 3838; baseline -0.002 -21"><span class='ocrx_word' id='word_1_262' title='bbox 140 3762 295 3835; x_wconf 74' lang='lat' dir='ltr'><strong>relinquat</strong></span> <span class='ocrx_word' id='word_1_263' title='bbox 313 3753 548 3819; x_wconf 78' lang='lat' dir='ltr'><strong>ex,Goeren‘zii</strong></span> <span class='ocrx_word' id='word_1_264' title='bbox 571 3755 725 3816; x_wconf 88' lang='lat' dir='ltr'><strong>sententia</strong></span> <span class='ocrx_word' id='word_1_265' title='bbox 745 3765 797 3816; x_wconf 87' lang='lat' dir='ltr'><strong>est·</strong></span> <span class='ocrx_word' id='word_1_266' title='bbox 817 3743 953 3838; x_wconf 85' lang='lat' dir='ltr'><strong>optativi</strong></span> <span class='ocrx_word' id='word_1_267' title='bbox 973 3753 1065 3831; x_wconf 88' lang='lat' dir='ltr'><strong>loco;</strong></span> <span class='ocrx_word' id='word_1_268' title='bbox 1100 3750 1184 3816; x_wconf 87' lang='lat' dir='ltr'><strong>seili&#39;·</strong></span> 
     </span>
     <span class='ocr_line' id='line_1_34' title="bbox 142 3853 1183 3940; baseline 0.002 -25"><span class='ocrx_word' id='word_1_269' title='bbox 142 3868 194 3917; x_wconf 87' lang='lat' dir='ltr'><strong>cet</strong></span> <span class='ocrx_word' id='word_1_270' title='bbox 212 3865 241 3920; x_wconf 85' lang='lat' dir='ltr'><strong>si</strong></span> <span class='ocrx_word' id='word_1_271' title='bbox 256 3866 373 3940; x_wconf 79' lang='lat' dir='ltr'><strong>possit,</strong></span> <span class='ocrx_word' id='word_1_272' title='bbox 404 3856 449 3918; x_wconf 87' lang='lat' dir='ltr'><strong>ita</strong></span> <span class='ocrx_word' id='word_1_273' title='bbox 469 3869 506 3919; x_wconf 92' lang='lat' dir='ltr'><strong>ut</strong></span> <span class='ocrx_word' id='word_1_274' title='bbox 527 3854 606 3917; x_wconf 91' lang='lat' dir='ltr'><strong>nihil</strong></span> <span class='ocrx_word' id='word_1_275' title='bbox 636 3857 730 3940; x_wconf 88' lang='lat' dir='ltr'><strong>plane</strong></span> <span class='ocrx_word' id='word_1_276' title='bbox 759 3854 945 3918; x_wconf 82' lang='lat' dir='ltr'><strong>offensionis</strong></span> <span class='ocrx_word' id='word_1_277' title='bbox 975 3853 1183 3940; x_wconf 84' lang='lat' dir='ltr'><strong>relinquatur.</strong></span> 
     </span>
     <span class='ocr_line' id='line_1_35' title="bbox 144 3955 1186 4045; baseline 0.006 -29"><span class='ocrx_word' id='word_1_278' title='bbox 144 3959 233 4017; x_wconf 78' lang='lat' dir='ltr'><strong>»Non</strong></span> <span class='ocrx_word' id='word_1_279' title='bbox 262 3972 310 4022; x_wconf 87' lang='lat' dir='ltr'><strong>est</strong></span> <span class='ocrx_word' id='word_1_280' title='bbox 339 3955 419 4020; x_wconf 88' lang='lat' dir='ltr'><strong>mihi</strong></span> <span class='ocrx_word' id='word_1_281' title='bbox 450 3968 576 4044; x_wconf 88' lang='lat' dir='ltr'><strong>tempus</strong></span> <span class='ocrx_word' id='word_1_282' title='bbox 603 3979 726 4045; x_wconf 84' lang='lat' dir='ltr'><strong>ponere</strong></span> <span class='ocrx_word' id='word_1_283' title='bbox 755 3961 845 4043; x_wconf 86' lang='lat' dir='ltr'><strong>signa</strong></span> <span class='ocrx_word' id='word_1_284' title='bbox 873 3957 966 4022; x_wconf 77' lang='lat' dir='ltr'><strong>novis</strong></span> <span class='ocrx_word' id='word_1_285' title='bbox 994 3960 1186 4043; x_wconf 82' lang='lat' dir='ltr'><strong>praeceptis,</strong></span> 
     </span>
     <span class='ocr_line' id='line_1_36' title="bbox 145 4058 1187 4148; baseline 0.007 -29"><span class='ocrx_word' id='word_1_286' title='bbox 145 4058 255 4144; x_wconf 76' lang='lat' dir='ltr'><strong>qualia</strong></span> <span class='ocrx_word' id='word_1_287' title='bbox 277 4070 405 4127; x_wconf 69' lang='lat' dir='ltr'><strong>unumst</strong></span> <span class='ocrx_word' id='word_1_288' title='bbox 434 4062 647 4148; x_wconf 79' lang='lat' dir='ltr'><strong>Pythagoram</strong></span> <span class='ocrx_word' id='word_1_289' title='bbox 675 4061 836 4146; x_wconf 71' lang='lat' dir='ltr'><strong>Anytique</strong></span> <span class='ocrx_word' id='word_1_290' title='bbox 866 4078 958 4124; x_wconf 86' lang='lat' dir='ltr'><strong>reum</strong></span> <span class='ocrx_word' id='word_1_291' title='bbox 991 4060 1187 4148; x_wconf 82' lang='lat' dir='ltr'><strong>doctumque</strong></span> 
     </span>
     <span class='ocr_line' id='line_1_37' title="bbox 143 4158 1188 4249; baseline 0.01 -29"><span class='ocrx_word' id='word_1_292' title='bbox 143 4158 316 4242; x_wconf 73' lang='lat' dir='ltr'><strong>Platonas,</strong></span> <span class='ocrx_word' id='word_1_293' title='bbox 337 4167 464 4247; x_wconf 83' lang='lat' dir='ltr'><strong>(Horat.</strong></span> <span class='ocrx_word' id='word_1_294' title='bbox 486 4166 552 4230; x_wconf 73' lang='lat' dir='ltr'><strong>Sat.</strong></span> <span class='ocrx_word' id='word_1_295' title='bbox 573 4167 619 4248; x_wconf 89' lang='lat'><strong>11,</strong></span> <span class='ocrx_word' id='word_1_296' title='bbox 639 4163 681 4246; x_wconf 79' lang='grc'>4,</span> <span class='ocrx_word' id='word_1_297' title='bbox 702 4171 721 4237; x_wconf 89' lang='grc'>1</span> <span class='ocrx_word' id='word_1_298' title='bbox 743 4165 830 4249; x_wconf 83' lang='lat' dir='ltr'><strong>sqq.)</strong></span> <span class='ocrx_word' id='word_1_299' title='bbox 850 4162 909 4227; x_wconf 85' lang='lat' dir='ltr'><strong>nbi</strong></span> <span class='ocrx_word' id='word_1_300' title='bbox 929 4165 1095 4243; x_wconf 72' lang='lat' dir='ltr'><strong>Bentloitts</strong></span> <span class='ocrx_word' id='word_1_301' title='bbox 1114 4175 1188 4234; x_wconf 64' lang='lat' dir='ltr'><strong>aas·</strong></span> 
     </span>
     <span class='ocr_line' id='line_1_38' title="bbox 920 4270 993 4340; baseline 0 0"><span class='ocrx_word' id='word_1_302' title='bbox 920 4270 993 4340; x_wconf 64' lang='lat'><strong>12⁴</strong></span> 
     </span>
    </p>
   </div>
   <div class='ocr_carea' id='block_1_5' title="bbox 0 0 1329 4814">
    <p class='ocr_par' dir='ltr' id='par_1_5' title="bbox 0 0 1329 4814">
     <span class='ocr_line' id='line_1_39' title="bbox 0 0 1329 4814; baseline 0 0"><span class='ocrx_word' id='word_1_303' title='bbox 0 0 1329 4814; x_wconf 95' lang='lat' dir='ltr'><strong> </strong></span> 
     </span>
    </p>
   </div>
  </div>
 </body>
</html>
