2616 4814
450 411 481 448 er
497 394 697 475 proruentem
716 393 771 446 iud.
790 394 849 446 lect.
975 358 980 367 Ι
1126 390 1179 445 tlt

131 558 173 621 ad
200 578 236 620 se
263 551 425 643 pertinere
454 557 673 631 censuerint·
702 555 992 642 lntarpungendum
1023 568 1073 619 est
1103 569 1178 640 pest

127 673 276 744 parcium

171 765 288 850 Implet
308 776 342 827 et
361 765 418 827 illa
438 786 566 846 manus3
584 765 643 828 sed
664 764 808 850 parcius:
829 784 904 826 aere
925 762 1048 825 minuto

173 865 417 961 Qualiscunque
438 869 529 933 voles
551 867 661 933 ludaei
681 868 803 930 somnia
824 867 1003 930 vendunt..

129 976 242 1050 Implet
259 983 291 1034 et
307 979 364 1035 ,ula
385 993 514 1055 mutus,
536 981 591 1036 sed
607 983 755 1052 parcius:
777 969 856 1031 haec
873 967 973 1030 verbs
990 965 1177 1029 sententiam

130 1069 193 1131 iam
214 1069 394 1150 absolvunt,
416 1085 449 1136 et
469 1074 673 1158 sequentibus
696 1092 787 1134 causa
804 1070 943 1147 additur,
964 1090 1059 1153 quam
1077 1088 1176 1151 prep-

130 1181 181 1232 ter
201 1172 316 1252 ledaea
338 1195 465 1236 manum
486 1177 613 1260 parcius
635 1175 783 1259 impleat:
816 1172 891 1258 qnia
913 1172 1036 1235 scilicet
1056 1171 1176 1247 ludaei,

71 1328 75 1333 ,
131 1292 341 1359 quaecunque
362 1277 470 1356 voles,
492 1280 632 1357 somnia,
661 1298 736 1340 aere
757 1277 880 1341 minuto
902 1297 926 1337 s.
948 1294 1049 1357 parvo
1070 1270 1176 1357 pretio

111 1374 291 1455 ⁴rendunt,
322 1390 419 1461 teque
447 1381 569 1458 omnis,
599 1402 681 1465 quae
703 1392 794 1465 optas
823 1377 1067 1460 desidemque,
1097 1389 1176 1436 tarn·

131 1497 226 1560 quam
248 1498 266 1539 a
287 1477 360 1542 fatis
381 1480 535 1545 destinata
557 1483 611 1555 vel
631 1483 838 1551 minutissima
860 1479 1011 1543 mercede
1033 1475 1175 1539 contenti

130 1596 260 1661 sperare
282 1579 403 1643 iubent.
446 1584 575 1646 Somnia
597 1585 681 1648 enim
701 1583 763 1645 hoc
785 1583 858 1644 loco
881 1602 954 1665 spes
976 1600 1071 1641 vanas
1094 1597 1173 1654 esse,

130 1680 265 1763 quaein
288 1683 527 1749 consulentibus
551 1686 693 1760 ¹Iudaeos
715 1686 946 1770 promissorum
968 1679 1091 1743 fallacia
1121 1700 1175 1740 ex·

116 1781 269 1843 ¹citantur
290 1783 499 1868 alunturque,
530 1807 593 1869 quo
615 1806 710 1847 sensu
732 1785 915 1866 saepissime
936 1782 1015 1843 haec
1038 1802 1100 1843 vox
1122 1778 1177 1842 sd·

128 1879 278 1964 hibetur,
297 1904 363 1945 non
385 1897 453 1965 est,
475 1887 562 1970 quod
582 1886 690 1951 multis
711 1883 819 1949 verbis
843 1884 1106 1945 demonstremus.

210 2089 247 2170 8)
289 2089 440 2153 Adnotat.
470 2093 509 2153 ad
539 2093 603 2154 Sat.
625 2091 702 2168 Vll,
730 2087 773 2161 43
793 2111 841 2174 sq.
858 2091 890 2170 ²)
942 2087 992 2148 lbi
1018 2085 1175 2153 luvenalis

128 2190 278 2253 miseram
297 2205 466 2277 poetarum
489 2195 753 2279 reliquorumque
775 2191 942 2253 literarum
964 2189 1069 2253 studio
1085 2188 1175 2249 dedi·

128 2304 236 2356 torum
265 2293 429 2375 virorum,
464 2297 519 2381 qui
548 2319 565 2358 a
595 2294 746 2359 divitibus
776 2295 828 2357 vel
849 2295 943 2379 plane
964 2292 1176 2375 negligantur,

128 2395 202 2474 vel,
229 2395 376 2461 laudibus
397 2398 542 2483 quamvis
572 2397 676 2461 ornati
704 2410 800 2482 etque
824 2395 993 2473 celebrati,
1022 2393 1108 2454 nulla
1129 2404 1176 2453 te·

129 2518 203 2560 man
225 2498 265 2561 ab
286 2498 324 2560 iis
345 2499 481 2583 pecunia
498 2500 671 2579 iurentur,
699 2498 914 2562 conditionem
934 2495 1042 2561 verbis
1065 2494 1175 2580 depin-
1231 2515 1233 2519 ·

129 2617 207 2679 gens
227 2600 442 2681 gravissimis,

171 2696 239 2759 Scit
259 2688 427 2780 (patronus
447 2721 473 2762 s.
495 2700 584 2765 dives
604 2701 849 2783 recitaturis),
839 2703 959 2787 mquit,
979 2700 1057 2763 dere
1074 2697 1177 2763 liber-

492 2806 495 2811 ’
579 2813 629 2862 tes
653 2817 794 2867 extrema
819 2803 851 2875 in
873 2816 966 2887 parte
986 2802 1133 2895 sedentes

144 2855 324 2979 Ordinis,
349 2913 381 2963 et
400 2922 529 2985 magnas
550 2902 704 2967 comitum
728 2904 899 2987 disponere
920 2925 1026 2966 voces.
1129 2939 1132 2943 v

210 3004 325 3070 Priora
345 3027 479 3089 prorsus
502 3007 587 3068 clara
607 3017 697 3084 sunt,
719 3018 752 3069 et
773 3008 964 3091 aRupertio
983 3005 1103 3088 optime
1119 3023 1173 3065 cx·

127 3105 249 3191 posita3
273 3128 290 3168 c
313 3126 392 3171 rere
415 3121 522 3169 autem
543 3107 635 3169 nobis
657 3105 809 3169 aberrare
829 3109 958 3171 videtur
974 3109 1034 3176 Vir
1056 3106 1173 3169 doctis·

128 3208 246 3284 simus,
267 3205 453 3288 adfirmans,
475 3206 517 3275 τὸ
539 3219 700 3291 disponere
720 3208 805 3283 idem
827 3209 913 3287 esse,
934 3210 1021 3295 qued
1037 3232 1178 3293 praepe-¹

128 3331 216 3392 rure,
238 3307 519 3393 velocissimum,
542 3323 628 3392 uano
650 3322 832 3378 σοηείηωᾱι
851 3323 921 3379 dcto
937 3337 958 3376 e
971 3311 1174 3401 μεσοχόρωι.
1176 3346 1179 3351 -

130 3433 218 3475 suam
245 3409 330 3472 enim
357 3413 523 3495 propriam
551 3412 829 3497 significationem,
861 3414 986 3511 siquid
1015 3414 1170 3488 videmus,

129 3513 185 3575 illa
207 3531 271 3578 vox
292 3511 357 3577 hoc
378 3512 452 3574 luco
474 3512 613 3594 obtinet,
635 3519 889 3603 explicandaque
905 3540 966 3602 per
986 3510 1170 3585 01·de

129 3627 236 3683 urdine
262 3623 365 3695 alique,
390 3623 524 3685 edicibile
552 3627 586 3681 s'u
613 3628 745 3685 diuersis
768 3629 912 3705 perstem
935 3638 1051 3698 pestere
1087 3617 1179 3729 (que

129 3738 224 3781 sensu
250 3716 346 3781 etiam
367 3737 387 3778 a
407 3717 625 3808 Quinctilium)
650 3717 735 3793 haec.
752 3719 850 3787 dictio
868 3717 1012 3783 adhibita
1032 3728 1104 3783 esse
1123 3716 1178 3779 vis:

131 3820 247 3899 detur,
267 3820 387 3905 qui-
406 3818 506 3883 Instit.
527 3818 617 3882 Orat.
639 3819 697 3898 lv,
714 3823 826 3899 Q,·37·.
846 3855 890 3887 ----¹
910 3819 1024 3912 »Quae
1040 3816 1182 3902 quidem,¹

130 3922 252 4001 rirtus,
278 3921 401 4007 inquit,
429 3957 473 3975 ‹—
497 3918 790 4019 prenuntiatiensm
807 3921 857 3987 rei
877 3933 991 4005 apeme
1018 3932 1053 3985 et
1074 3919 1179 4003 plum.

199 4148 232 4214 1)
254 4147 316 4203 vit.
332 4150 394 4204 lnd.
410 4150 487 4206 Lect.
505 4151 629 4223 ciusdem
645 4151 719 4206 enni.
786 4184 789 4189 -
