2616 4814
467 280 526 355 la.

149 414 201 469 182
341 413 424 469 vlu.
460 418 504 470 Dc
517 413 688 469 celarunt
706 415 780 469 Medi
799 416 873 483 opud
892 416 1002 468 Latinos

152 578 208 656 sit,
230 590 265 641 ut
284 581 316 640 in
338 579 387 642 his
407 581 533 642 Horatii
556 581 662 644 verbis
685 582 764 664 (Sat.
785 583 825 659 Il,
845 587 876 660 3,
898 582 1001 662 163.):
1038 576 1192 660 »Negabit

154 678 353 763 (Craterus),
378 681 465 764 quod
480 672 562 744 latus
576 696 630 745 aut
645 704 737 745 renes
753 683 867 746 morbo
883 695 1038 747 tententur
1059 690 1193 755 acutoa3

155 780 269 866 quibus
291 782 416 846 Crateri
437 787 591 847 sententia
613 788 810 864 continetur,
844 805 903 869 per
927 803 962 844 se
983 794 1079 865 patet.
1128 779 1194 840 lam

155 882 342 968 adparebit,
363 908 426 970 qua
448 887 488 949 de
508 907 599 950 causa
623 889 655 949 in
674 887 880 971 sequentibus
895 885 975 947 locis
990 883 1086 944 modo
1103 900 1194 964 prae·

156 1004 226 1048 sens
248 988 443 1052 coniunctivi
464 991 603 1073 positum
624 992 681 1070 sit,
708 990 810 1052 modo
832 986 1063 1073 imperfectum.
1119 983 1195 1044 sDi·

155 1101 248 1167 cunt,
280 1090 506 1174 adpetitionem
527 1075 790 1170 animi'mcveri,
819 1111 917 1176 quum
939 1087 1060 1172 aliquid
1087 1087 1118 1148 ci
1148 1104 1196 1146 se·

39 1204 44 1215 ‘
158 1191 296 1253 cundum
316 1205 460 1255 naturam
481 1215 550 1257 esse
577 1205 726 1260 uideatur.
753 1229 793 1241 -
824 1191 976 1255 Omnium
1003 1199 1112 1251 autem
1143 1206 1197 1248 eo·

157 1310 230 1353 rum
252 1295 493 1358 commodorum
514 1334 555 1345 -
576 1297 671 1380 longe
693 1294 995 1380 praestantissimum
1010 1310 1091 1370 esse,
1110 1289 1198 1374 qnod

158 1392 325 1457 honestum
345 1411 428 1463 esset
446 1410 542 1483 atque
556 1398 733 1460 laudabile:
755 1435 794 1446 -
811 1397 991 1478 omniaque,
1011 1411 1094 1478 quae
1107 1392 1199 1468 dura,

68 1520 71 1526 ¹
161 1491 320 1576 difficilia,
342 1498 474 1560 adversa
494 1510 673 1583 uideantur,
695 1520 733 1563 ea
753 1499 925 1563 virtutibus
946 1496 1015 1574 his,
1045 1492 1160 1578 quibus
1181 1515 1200 1553 a

160 1608 272 1659 natura
286 1622 424 1665 essemus
445 1603 565 1679 ornati,
588 1602 693 1679 obteri
713 1621 817 1684 possea
838 1636 879 1648 -
898 1598 950 1659 Ad
967 1616 1130 1675 summam,
1151 1615 1200 1672 ea,

162 1718 243 1780 quae
264 1702 352 1762 Zeno
374 1704 576 1781 aestimanda,
598 1718 629 1765 et
649 1703 811 1781 sumenda,
833 1715 867 1764 et
886 1713 959 1783 apta
979 1711 1110 1760 naturae
1131 1718 1200 1760 esse
1284 1772 1287 1778 Ι

163 1796 260 1879 dixit,
294 1802 404 1864 cadem
425 1803 473 1864 illi
493 1805 576 1867 hona
598 1805 774 1889 adpellant:
817 1802 916 1864 vitam
944 1813 1050 1863 autem
1076 1798 1206 1862 beatam

163 1896 320 1981 illisam,
342 1926 424 1989 quae
445 1921 601 1973 constaret
614 1911 644 1988 ¹)
674 1929 712 1970 ex
733 1905 782 1967 his
804 1904 920 1981 rebus,
952 1923 1029 1986 quas
1051 1901 1128 1981 dixi,
1149 1914 1204 1964 aut

163 1999 333 2083 plurimis,
365 2018 419 2068 aut
446 2010 675 2091 gravissimis«
716 2009 783 2071 Cic.
814 2007 854 2069 de
884 2006 953 2067 Fin.
983 2005 1038 2080 IV,
1064 2005 1125 2082 21,
1151 2010 1202 2074 59.

166 2103 323 2169 »Additur
343 2101 637 2197 etiam,'quidquid
658 2112 751 2174 valde
770 2109 848 2172 utile
870 2118 929 2190 sit,
958 2107 993 2168 id
1013 2104 1084 2166 lieri
1105 2105 1203 2167 bone·

53 2217 57 2226 ’
165 2217 259 2288 stum,
282 2210 408 2280 etiamsi
428 2225 519 2276 antea
540 2234 603 2279 non
622 2223 805 2279 cineratum
829 2211 875 2272 ld.
898 2209 938 2271 de
960 2205 1055 2271 offic.
1078 2205 1132 2285 111,
1149 2210 1204 2283 29,

167 2308 237 2379 103.
281 2314 366 2374 »Nec
387 2333 500 2375 verum
522 2327 579 2394 est,
602 2316 689 2399 quod
710 2316 827 2377 dicitur
849 2335 866 2373 a
888 2310 1087 2396 quibusdam,
1106 2327 1204 2391 prop·

166 2419 216 2471 ter
237 2414 455 2477 necessitatem
475 2416 578 2493 vitae,
592 2415 686 2499 quod
707 2435 755 2491 ea,
776 2434 857 2498 quae
878 2424 990 2474 natura
1008 2420 1206 2492 damnet,

168 2514 322 2596 consequi
348 2515 416 2577 sine
442 2517 511 2578 aliis
540 2536 602 2579 non
628 2537 808 2600 possemus,
847 2514 969 2593 idcirco
997 2513 1206 2575 initam'0⁸⁸e

168 2629 241 2672 cum
259 2611 440 2678 hominibus
461 2618 672 2681 societatem«
695 2618 741 2679 Id.
756 2617 833 2680 ibid.
855 2618 881 2695 I,
901 2614 954 2694 44,
974 2619 1025 2688 88.
1068 2616 1207 2677 »Panae-

168 2712 230 2774 tius
253 2714 383 2800 quidem
402 2718 588 2782 Africanum
607 2758 647 2770 -
667 2721 815 2799 solitum,
837 2719 892 2796 ait,
914 2717 1090 2796 dicerunt
1103 2735 1205 2800 equos

168 2850 218 2911 -,
231 2817 441 2883 domitoribus
461 2822 591 2885 tradere
611 2833 745 2907 sokmtt,
778 2820 883 2884 uthis
910 2816 1107 2881 facilioribus
1132 2838 1207 2901 pos·

66 2957 73 2979 t
169 2918 232 2982 sint
251 2921 316 3002 uti,
347 2923 393 2987 sic
413 2924 558 2987 homines
578 2963 620 2975 -
641 2939 801 3009 tamquam
830 2925 864 2984 in
885 2941 997 3005 gyrum
1022 2919 1153 2982 rationis
1174 2932 1209 2980 et

169 3018 332 3086 doctrinae
353 3025 427 3095 duci
447 3039 616 3111 oportere,
636 3041 673 3090 ut
692 3028 913 3114 perspicerent
931 3022 1139 3088 humanarum
1155 3042 1209 3083 re·

169 3131 243 3193 rum
262 3124 530 3208 imbecillitatem,
552 3131 802 3214 varietatemque
822 3128 998 3190 fortunae«
1020 3123 1065 3184 Id.
1083 3121 1160 3184 ibid.
1182 3125 1209 3203 I,

169 3225 228 3303 26,
248 3231 297 3298 90·
345 3229 381 3290 In
401 3231 561 3293 nonnullis
584 3230 712 3316 quidem
742 3229 905 3293 codicibus
926 3247 987 3311 pro
1009 3235 1127 3314 soleant
1154 3246 1209 3287 ex-

117 3406 126 3417 ,
170 3338 232 3388 stat
251 3338 356 3406 soknt.
399 3334 478 3413 siut,
499 3334 603 3417 inquit
622 3331 845 3411 Gernhardus,
865 3330 918 3393 hic
939 3329 1127 3392 indicativus
1143 3349 1209 3389 non

140 3458 144 3469 ¹
171 3427 310 3497 debebat
328 3433 459 3514 placere
478 3434 689 3517 Heusingero.
731 3433 858 3504 Etenim
879 3433 906 3493 si
927 3431 979 3511 id,
1001 3429 1088 3516 quod
1108 3451 1208 3513 equos

169 3531 300 3604 tradere⁴
319 3534 423 3598 solent
439 3535 660 3614 domitoribus,
680 3536 821 3598 nonnisi
838 3555 878 3597 ex
891 3532 1035 3595 Africani
1054 3533 1209 3595 sententia

171 3652 283 3712 verum
298 3649 392 3716 esset,
414 3637 592 3720 scripsisset
604 3652 641 3703 ut
655 3673 696 3695 -.
711 3648 844 3704 solerent
845 3663 859 3721 ,·
881 3636 1107 3720 sedquoniam
1127 3633 1209 3696 illud

171 3736 281 3798 tritum
301 3750 350 3800 cst
370 3751 403 3801 et
418 3760 478 3801 usu
491 3737 725 3821 confirmatum,
748 3759 897 3823 praesens
914 3751 1038 3820 tempus
1055 3735 1208 3813 adhibuit,

172 3838 408 3902 coniunctivum
429 3853 549 3905 tament
573 3842 660 3926 quod
680 3845 708 3906 si
726 3852 825 3908 solem
844 3839 996 3919 dedisset,
1018 3837 1098 3900 baec
1117 3837 1209 3900 Cice-

131 4010 134 4015 Ι
172 3939 258 4009 nonis
280 3940 522 4025 verbenacam,
543 3963 606 4017 uon
627 3941 769 4019 Africani
790 3942 974 4015 aPauaetio
993 3938 1188 4026 propositae

172 4080 389 4099 m

239 4180 270 4247 n
288 4178 331 4245 m
346 4193 444 4246 mun
462 4180 593 4250 atnam
610 4134 756 4248 dmm
