2616 4814
184 407 239 462 nt
355 406 389 462 V.
424 406 605 479 depertinet
622 407 750 465 mutue
769 409 856 466 indole
874 417 954 482 etque
970 418 1091 467 umora,

191 583 257 648 est,
279 583 315 634 ut
334 568 432 635 flexio
453 572 589 654 nominis
609 572 800 637 substantivi
818 573 851 636 in
871 597 947 640 suos
967 597 1058 641 casus
1076 575 1189 650 ulisse
1209 597 1235 639 s.

193 672 362 736 declinatio
384 673 619 758 adpellaretur,
650 675 809 760 siquidem
829 678 884 741 illa
904 679 1002 743 ssexio
1024 679 1114 763 quasi
1136 677 1236 740 deeli-

191 775 318 838 natioue
348 777 482 861 quadam
511 778 550 839 ab
580 791 688 842 erecta
714 777 904 863 substantivi
929 780 1033 843 forma
1061 780 1103 843 sd
1131 779 1237 844 varias

192 877 259 940 eius
280 877 398 941 lormas
420 879 583 942 inclinatas
605 881 795 944 continetur.

272 982 308 1042 ln
329 1002 385 1043 sex
406 979 488 1061 illis,
514 1002 575 1066 per
595 1002 676 1066 quos
698 981 784 1064 apud
804 982 934 1045 Latinos
955 984 1083 1046 nomios
1102 981 1237 1047 fleetun-

191 1096 263 1161 tur,
285 1083 408 1145 casibus
431 1082 719 1145 Grammaticorum
739 1083 888 1169 plerique
903 1086 1000 1147 totius
1016 1105 1145 1148 casuum
1160 1085 1237 1147 <toea

191 1187 294 1250 trinae
315 1169 493 1270 posuerunt
513 1184 733 1262 lundameuta,
762 1186 848 1249 unde
870 1187 986 1251 deinde
1008 1187 1118 1272 opinio
1140 1185 1237 1270 origi·
1278 1234 1281 1246 .

190 1310 266 1351 nem
287 1288 395 1365 duxit,
419 1307 473 1363 ea,
495 1287 611 1372 quibus
634 1286 682 1347 illi
704 1288 737 1349 in
757 1289 869 1351 Latina
891 1290 999 1374 lingua
1020 1288 1236 1372 designantur,

191 1391 318 1453 nomina
345 1410 411 1452 non
439 1408 570 1451 casuum
595 1400 735 1468 tantum,
769 1391 825 1452 sed
853 1393 947 1453 etiam
970 1391 1163 1455 relationum
1182 1388 1237 1453 ad·

188 1493 377 1580 pellationes
399 1512 487 1569 esse,
509 1512 591 1576 quae
613 1489 677 1553 illis
698 1504 849 1555 notentur
869 1490 1160 1578 significanturque.
1193 1492 1237 1554 As

189 1615 271 1660 vero
293 1595 469 1657 accuratius
491 1615 561 1656 rem
589 1605 827 1677 perscrutantes
856 1608 1065 1680 naturamque
1095 1594 1236 1679 reliqua·

112 1720 115 1725 ·
190 1721 262 1769 rum
282 1699 462 1782 linguarum
483 1696 708 1780 investigantes
730 1696 942 1780 intelligamus
956 1717 1088 1760 neeesse
1106 1708 1166 1775 est,
1187 1715 1235 1773 ea,

191 1822 272 1888 quae
294 1798 499 1864 Grammatiei
528 1798 585 1860 illo
615 1797 819 1861 fundamento
850 1800 916 1861 nixi
946 1799 985 1861 ad
1009 1819 1138 1862 casuum
1159 1797 1236 1859 doo-

120 1939 143 1976 κ
190 1903 306 1968 trinam
327 1900 547 1963 illustrandam
568 1890 748 1978 tradidere,
779 1923 796 1962 a
817 1921 897 1964 vero
918 1902 1022 1986 plane¹
1035 1919 1104 1964 esse
1124 1898 1235 1963 aliens.

190 2011 326 2070 Tantum
356 2004 441 2067 enim
467 2000 616 2087 profecto
647 2001 757 2080 abest,
790 2004 880 2066 utin
902 2024 1093 2089 unaquaque
1115 2014 1236 2065 cetera·

188 2130 260 2172 rum
283 2108 463 2193 linguarum
484 2105 598 2182 iidem,
632 2103 687 2188 qui
717 2105 802 2188 apud
828 2106 959 2169 Latinos
988 2108 1081 2185 sunt,
1110 2115 1236 2168 exstent

190 2232 297 2287 casus,
329 2222 384 2271 aut
411 2207 601 2283 relationes,
641 2206 757 2291 quibus
785 2207 978 2273 substantiva
1006 2207 1091 2271 inter
1118 2228 1153 2270 se
1182 2200 1237 2276 vel

107 2389 113 2405 ι
189 2335 262 2377 cum
283 2311 390 2375 verbis
413 2308 642 2393 adiectivisque
663 2309 855 2393 iunguntur,
888 2311 1001 2373 eadem
1022 2309 1149 2372 ratione
1178 2329 1236 2372 no·

188 2427 311 2490 tentor,
332 2412 423 2474 utin
443 2409 550 2473 multis
571 2410 688 2494 linguis
709 2413 789 2475 nulli
809 2434 943 2497 prorsus
964 2413 1167 2497 reperiantur
1185 2432 1236 2475 ea·

126 2504 134 2519 ’
189 2537 259 2593 sus,
279 2514 451 2577 relationes
473 2534 553 2576 vero
576 2513 650 2575 illae
671 2514 704 2575 in
724 2513 858 2576 diversis
880 2515 996 2599 linguis
1013 2514 1236 2580 diversissimis

188 2616 291 2695 modis
313 2616 531 2700 exprimantur
542 2616 583 2698 Ι).
620 2615 745 2712 Quodsi
766 2616 864 2700 igitur
887 2637 1016 2679 casuum
1036 2616 1236 2701 singulorum

102 2713 106 2727 '
188 2718 449 2805 significationem
471 2739 567 2802 supra
589 2719 751 2802 explicare
773 2719 878 2782 eonati
899 2740 1023 2799 sumus,
1049 2719 1180 2782 minime
1202 2718 1237 2782 id

170 2820 322 2886 decimus
345 2821 490 2906 opinioni
511 2820 647 2899 addicti,
670 2817 799 2899 omnes,
822 2821 938 2906 quibus
958 2811 1104 2886 notandis
1125 2821 1174 2883 illi
1189 2821 1237 2883 in·

131 2974 151 3019 ,a
188 2923 350 3002 serviunt,
371 2922 543 2985 relationes
565 2923 605 2986 ad
626 2945 721 2987 unam
742 2923 844 2987 solam
864 2945 960 3008 posse
977 2916 1119 3002 referri3
1165 2943 1237 2987 eam

187 3025 313 3110 potius,
347 3024 374 3087 si
395 3021 466 3087 fieri
486 3038 612 3109 posset,
646 3046 761 3091 eruere
782 3027 978 3105 studuimus,
1010 3044 1092 3110 quaa
1118 3024 1236 3109 cuique

144 3184 148 3194 a
189 3146 316 3190 casuum
338 3127 475 3189 maxime
495 3128 629 3212 propria
651 3140 744 3190 esset.

267 3228 472 3308 Relationes,
493 3229 577 3292 inter
597 3217 792 3292 substantiva
812 3227 1038 3314 reliquasque,
1070 3247 1143 3291 cum
1165 3229 1235 3313 qui·

187 3331 247 3394 bus
277 3331 366 3415 iungi
394 3345 546 3416 possunt,
592 3330 743 3393 orationis
772 3343 880 3416 partes
908 3329 1141 3394 intercedentes
1170 3350 1234 3394 non

187 3456 315 3520 semper
341 3435 471 3499 ultimae
501 3435 632 3497 illorum
659 3431 798 3516 syllabae
819 3433 1056 3513 immutatione,
1087 3433 1146 3496 sed
1167 3455 1234 3496 sae·

187 3540 318 3625 pissime
347 3537 441 3601 etiam
471 3537 568 3600 certis
597 3535 784 3622 particulis,
813 3536 1086 3621 praepositionum
1106 3529 1234 3598 nomine

119 3703 122 3706 .
187 3641 361 3727 insignitis,
381 3637 552 3725 significari
566 3652 662 3724 atque
675 3637 828 3725 exprimi,
843 3639 911 3723 ⁸iam
922 3660 1020 3723 supra
1036 3637 1233 3722 monuimus,

158 4222 172 4245 ¹¹,
183 4175 263 4237 lm·
280 4183 307 4251 st
322 4179 367 4238 8⁵0

155 4252 172 4291 v,
202 4269 210 4282 ‘

86 4205 95 4218 θ
148 4226 152 4231 ι

130 4242 136 4251 3
145 4234 151 4245 Ι

123 4244 165 4299 eff

187 3757 222 3808 et
247 3741 394 3828 profecto
423 3741 602 3825 permultae
630 3754 702 3805 sunt
729 3743 876 3826 liuguae,
910 3734 942 3802 in
963 3738 1080 3825 quibus
1110 3739 1144 3801 id
1170 3751 1234 3801 non

188 3845 249 3906 nisi
276 3844 457 3931 posteriore
484 3841 555 3906 fieri
582 3856 690 3928 potest
717 3844 860 3923 ratione,
893 3842 967 3928 quia
989 3841 1114 3905 casibus
1136 3841 1233 3928 plane

253 4092 285 4161 1)
313 4091 415 4148 Vates·
442 4090 595 4150 mustum
625 4091 675 4149 der
702 4091 905 4180 Allgemsinenl
928 4088 1113 4150 cammah
1146 4086 1235 4144 nau·
