2616 4814
138 375 192 436 sss
328 372 409 433 vm.
425 354 485 434 'os
499 372 670 433 masma
687 371 983 444 nasamonas·

139 562 221 611 nuos
240 559 364 605 menses
384 538 485 604 barba
505 538 686 625 capilloque
707 535 884 620 submisso,
902 550 1000 623 eaput
1016 537 1178 625 interdum

138 645 263 728 loribus
290 652 448 727 inliceret,
480 639 676 721 vociferans,
710 640 865 738 Quinetili
891 643 998 722 Vane,
1035 640 1180 726 legiones

62 824 65 834 „
139 749 254 817 redde:
270 745 424 829 ‚diemque
443 745 541 808 cladis
557 746 723 830 quotannis
740 759 896 811 moestum
915 753 1058 815 tabuerit
1076 765 1114 810 ac
1132 745 1180 809 lu·

138 851 301 939 gabremat
331 847 462 910 Sueten.
484 848 573 911 Caes.
596 848 669 912 Oct·
687 844 770 935 Aug.
790 852 842 922 23.

221 953 355 1014 Sensum
384 947 482 1032 igitur
512 949 824 1036 enuntiationemque
854 969 971 1016 nexum
1003 949 1180 1034 respicere,

139 1076 204 1121 non
223 1072 303 1117 vcro
324 1052 426 1114 solum
448 1050 536 1134 illas,
570 1074 647 1138 quas
667 1052 865 1138 grammatici
894 1053 935 1116 de
955 1053 1180 1117 consecutione

139 1170 320 1241 temporum
341 1152 488 1234 madunt,
508 1156 636 1240 regulas
657 1157 748 1241 sequi
768 1153 937 1235 debemus,
961 1153 1090 1219 siracti
1112 1174 1181 1219 cer·

138 1261 228 1346 tique
245 1255 376 1343 quidde
391 1267 536 1340 tempore
553 1257 584 1319 in
599 1257 754 1321 eiusmodi
772 1257 1039 1321 enuntiationibus
1054 1256 1180 1319 aliunde

139 1358 351 1449 pendentibus
380 1357 558 1422 adhibendo
590 1372 728 1425 statuere
748 1362 904 1427 volumus.
954 1362 1027 1459 Qua
1050 1363 1180 1448 quidem

57 1458 60 1465 ’
139 1465 173 1527 in
187 1482 225 1526 rc
242 1459 305 1526 viri
319 1458 495 1525 doctissimi
511 1460 670 1525 interdum
689 1465 769 1549 lapsi
789 1478 880 1545 sunt,
900 1464 1068 1529 Ernestius
1088 1485 1117 1527 e.
1139 1485 1181 1548 g,

140 1565 251 1652 quiin
270 1560 319 1624 his
342 1561 505 1625 Ciceronis
527 1563 654 1627 verbis:
678 1567 743 1631 »Ita
764 1579 819 1632 aut
837 1567 893 1630 illa
915 1566 1114 1631 obnuntiatio
1135 1566 1182 1628 ni·

138 1666 187 1730 hil
206 1664 323 1742 valuit3
359 1675 413 1726 aut
434 1664 479 1742 si,
508 1676 544 1727 ut
563 1665 686 1750 Appius
706 1668 841 1748 iudicat,
872 1669 989 1748 valuit,
1017 1667 1050 1732 id
1071 1668 1181 1748 valuit,

138 1783 177 1834 ut
195 1779 361 1855 peccatum
379 1773 526 1850 haereat,
555 1787 619 1830 non
639 1767 672 1831 in
693 1788 751 1850 eo,
783 1771 840 1856 qui
860 1771 1040 1852 monuerit,
1071 1770 1129 1835 sed
1148 1771 1182 1833 in

86 1894 88 1898 “
113 1857 117 1869 ’
140 1896 201 1955 ac,
221 1872 361 1960 quinon
382 1869 632 1954 obtemperarit«
649 1872 699 1953 ¹):
720 1906 761 1920 -
784 1871 816 1934 in
831 1868 900 1936 'hoc
916 1872 1014 1957 igitur
1035 1872 1108 1936 loco
1123 1876 1186 1936 Er·-

138 1977 258 2043 nestius
279 1971 444 2038 Davisium
473 1985 625 2056 sequutus
653 1993 716 2058 pro
747 1981 873 2041 bearem
898 1973 1010 2041 maluit
1032 1982 1181 2058 toare'et,

141 2076 284 2168 quamvis
295 2074 422 2154 Cicero,
441 2085 477 2136 ut
490 2073 699 2158 Hottingcrus
720 2074 782 2137 iam
802 2075 944 2173 monuit,
964 2075 1005 2139 de
1019 2097 1076 2140 suo
1092 2099 1181 2139 suae·

140 2203 205 2271 que
232 2179 342 2243 aetatis
370 2174 534 2239 bominum
563 2176 682 2240 iudicio
711 2175 881 2261 loquatur,
905 2177 1030 2264 ,itaque
1061 2179 1181 2263 optime

139 2285 287 2368 tempore
308 2277 468 2363 praesenti
490 2277 537 2340 uti
557 2277 710 2361 potuerit·
750 2279 855 2363 Saepe
875 2279 975 2358 enim,
996 2280 1086 2364 quod
1105 2299 1183 2364 quo·

141 2407 205 2474 qne
228 2380 393 2446 Bromium
414 2398 478 2439 non
498 2375 580 2462 iugis
593 2379 645 2460 ²),
672 2392 797 2464 tempus
820 2379 1017 2444 coniunctivi‘
1032 2401 1182 2464 praesens

141 2487 182 2552 ab
204 2482 331 2568 optimis
353 2478 484 2563 ponitur
505 2478 731 2562 scriptoribus,
767 2480 823 2543 ubi
844 2503 885 2544 ex
906 2482 1184 2566 grammaticorum

141 2586 261 2673 regulis
282 2579 463 2666 imperfecti
485 2600 559 2643 usus
580 2581 819 2665 requireretur,
851 2582 950 2669 idque
976 2603 1041 2649 nou
1068 2587 1183 2667 solum,

140 2693 169 2757 si
189 2688 338 2752 universe
359 2681 436 2768 quid
457 2694 552 2767 atque
571 2681 616 2745 ita
636 2683 816 2764 enuntiant,
839 2697 875 2749 ut
895 2684 929 2748 id
949 2706 1013 2749 non
1035 2687 1068 2748 in
1089 2709 1183 2752 unam

142 2791 300 2881 quandam
320 2807 409 2864 rens,
430 2784 487 2848 sed
509 2783 542 2845 in
564 2802 672 2847 omnes
694 2786 869 2870 generatim
892 2787 1015 2869 valeat,
1041 2790 1075 2852 id
1097 2790 1184 2876 quod

141 2898 175 2961 in
197 2889 339 2958 Cornelii
360 2885 493 2971 Nepotis
520 2885 628 2949 locum
650 2887 735 2950 cadit
756 2888 838 2951 inira
859 2888 1007 2968 allatum
1049 2891 1105 2953 sed
1133 2912 1184 2957 so·

141 3000 211 3065 lent
232 2990 525 3068 etism·interdum,
545 2981 574 3050 si
595 2988 636 3051 de
656 3010 693 3052 re
713 2991 887 3074 praeterita
909 2992 1092 3076 loquuntur,
1114 3013 1184 3058 ora·

141 3103 231 3168 tione
251 3092 476 3182 progrediente
496 3090 583 3154 illam
604 3091 637 3153 in
656 3104 781 3175 tempus
802 3112 953 3175 praesens
970 3092 1069 3154 veluti
1082 3104 1183 3159 trans·

3 3274 7 3291 Ι
98 3229 102 3236 ’
141 3203 230 3269 ferre
257 3196 469 3283 cogitatione,
501 3205 596 3279 atque
624 3193 668 3254 ita
696 3191 728 3253 in
755 3190 1020 3255 enuntiationibus
1052 3197 1183 3261 axeliis

143 3302 354 3393 pendentibus
375 3317 525 3383 praesens
545 3295 639 3359 etiam
659 3291 811 3356 adhibere
830 3306 972 3378 tempus,
994 3296 1083 3380 quasi
1095 3319 1184 3381 suam

143 3410 243 3496 ipsius
263 3403 452 3469 sententiam
472 3396 581 3460 iamin
599 3394 737 3458 medium
753 3394 965 3481 proferentes.
1008 3397 1099 3488 Quae
1115 3401 1184 3485 qui·

72 3569 76 3575 .
143 3512 218 3577 dem
238 3509 338 3584 ratio,
370 3503 430 3566 nisi
449 3520 582 3585 prorsus
605 3496 760 3577 fallimur,
793 3499 1069 3584 insequentibus,
1099 3499 1182 3587 apud

143 3616 334 3680 Ciceronem
354 3601 566 3680 exstantibus,
598 3600 677 3663 locis
697 3601 829 3665 obtines.
883 3602 1049 3666 »Incubuit
1078 3615 1183 3666 autem

143 3716 179 3780 in
198 3736 250 3780 aas
272 3706 519 3796 disputationes,
538 3716 575 3770 ut
596 3703 747 3786 doceret,
772 3703 895 3768 nullum
915 3705 978 3768 tale
995 3724 1064 3769 esse
1080 3705 1183 3771 visum

145 3860 365 3885 -α-Ι-

213 3966 246 4034 1)
263 3964 299 4018 sle
317 3960 443 4017 Divinet.
459 3958 493 4026 1,
510 3956 554 4015 tt

211 4052 243 4123 2)
262 4052 298 4108 ed
316 4051 425 4106 cornel.
443 4048 518 4121 Nep.
533 4046 673 4133 Alcibird.
689 4046 722 4115 1,
739 4045 766 4104 l·
799 4043 835 4102 In
850 4042 906 4125 iton
920 4049 1038 4113 nabun,
1057 4042 1126 4116 quid
1142 4043 1184 4100 ei·

145 4143 232 4200 ficere
247 4142 351 4214 possit,
371 4139 486 4198 viratus
504 4144 628 4213 asporta
