2616 4814
102 420 139 467 rr
539 396 707 476 Praefatio.

103 579 280 679 temporis
304 576 465 676 spatium
491 573 539 651 ab
564 578 648 677 ipso
672 575 835 673 scriptis,
860 589 1060 675 occupatus
1074 578 1143 654 fuit

104 694 362 785 emendandis,
399 718 485 767 eum
516 692 646 793 lugere
679 719 755 767 non
780 707 918 794 potest,
958 720 1037 769 rem
1062 723 1143 773 esse

102 815 215 916 longe
239 813 500 904 difficiliorem,
526 814 668 887 etiamsi
693 814 777 913 quis
794 814 840 885 sit
860 812 1142 909 amentissimus,

71 930 74 937 ’
102 936 143 1009 in
164 934 237 1007 illis
261 936 385 1008 omnia
402 930 623 1031 corrigenda
645 929 855 1031 explorare,
880 957 992 1029 quam
1008 958 1141 1009 emen-

34 1078 37 1084 ’
103 1051 224 1125 datius
260 1053 469 1149 rectiusque
494 1050 658 1123 scribere
682 1075 789 1125 nova.
858 1048 1000 1142 Quodsi
1029 1054 1141 1149 igitur

103 1169 228 1244 adhuc
251 1171 505 1262 inveniantur,
529 1193 627 1268 quae
651 1170 773 1241 minus
791 1166 979 1268 placeant,
1004 1192 1046 1241 ea
1068 1169 1141 1242 be-

102 1289 256 1362 nevolus
279 1270 396 1361 lector
419 1285 511 1361 mibi
528 1285 764 1362 condonabit.
787 1324 839 1346 ·-
861 1289 1030 1361 Continet
1052 1313 1141 1363 vero
1223 1284 1229 1305 ²

101 1402 219 1479 hocce
251 1405 426 1483 volumen
459 1409 657 1480 maximam
683 1421 826 1505 partem
860 1432 922 1479 eas
947 1430 1140 1478 commen-

101 1524 276 1615 tationes,
311 1526 366 1596 in-
383 1523 520 1621 quibus
554 1522 601 1595 de
634 1521 745 1597 rebus
779 1525 838 1622 egi
866 1523 1141 1622 grammaticam

101 1641 364 1739 spectantibus,
389 1639 524 1714 additis
550 1644 730 1741 excerptis
757 1638 980 1747 quibusdam
1005 1664 1142 1739 epto-v

100 1757 329 1854 lusionibus,
353 1785 444 1860 quas
470 1776 624 1852 vocant,
647 1759 726 1833 Ind.
750 1758 885 1853 Prael.;
909 1758 1010 1859 quod
1033 1762 1065 1833 si
1087 1758 1140 1830 il-

100 1870 178 1967 lae,
200 1877 274 1948 iam
300 1875 453 1975 quidem
478 1876 653 1951 collectae
678 1878 988 1974 coniunctaeque„
1014 1900 1058 1948 eo
1076 1875 1140 1950 fa-

100 2013 208 2084 vore,
245 2016 321 2091 quo
347 1992 513 2092 singulae
545 2010 719 2095 exceptae
743 2010 846 2088 sunt,
883 2017 960 2066 non
989 1994 1141 2066 omnino

99 2106 365 2187 iudicabuntur
389 2110 582 2200 indignae,
614 2140 728 2199 quam
752 2116 912 2198 primum
936 2110 1142 2181 secumdum

101 2242 253 2317 quoque
303 2216 474 2291 volumen
524 2217 622 2317 typis
661 2214 802 2290 curabo
846 2215 1154 2339 exscribendum&

102 2332 205 2432 quod
230 2357 292 2406 eas
318 2330 628 2430 comprehendet,
652 2336 691 2407 in
716 2331 852 2431 quibus
878 2329 925 2401 de
951 2330 1063 2406 rebus
1089 2334 1139 2408 ad

103 2450 646 2548 antiquitatempertinentibus
670 2449 821 2548 exposui
846 2444 1114 2549 disputavique.

229 2566 364 2664 Scripsi
411 2566 603 2675 Marburgl
650 2588 778 2641 mense
823 2568 989 2665 Augusto
1051 2572 1139 2644 anni

100 2684 406 2761 MDCCCXXXII.
473 2722 477 2729 ·
