2616 4814
550 393 723 467 commentat·
747 394 795 459 tV.
923 450 926 455 ,
1006 414 1031 443 ··
1149 392 1202 449 ltt

156 559 265 641 piant,
287 574 385 642 (prum
405 558 619 621 sins-omnino
642 558 798 623 adiectiva
818 559 946 623 nomine
966 573 1001 624 et
1020 560 1198 627 verbalium

156 694 198 708 -
218 659 333 744 quibus
353 660 543 723 Perizonius
563 660 644 751 haec
664 659 840 743 subiungit:
862 662 1090 746 »Participium
1111 664 1199 729 vide·

155 762 299 825 teresse
320 782 437 825 nomeu
459 763 669 844 adieetirum,
690 764 811 848 quippe
828 784 1085 848 quum’genera,
1108 786 1198 829 casus
1255 770 1259 779 '

154 877 187 927 et
208 866 344 948 gradus,
376 854 584 947 seutuumia,
615 887 698 951 quae
718 865 899 927 numinibus
925 865 1089 930 adiectivis
1117 868 1201 931 ucci-

154 967 250 1047 duut,
280 966 412 1051 habeat:
455 968 559 1030 verbu
587 982 692 1031 autem
720 981 768 1030 est
795 967 956 1051 particeps
985 967 1117 1030 alicuius
1139 969 1199 1048 rei,

153 1090 211 1130 eeu
230 1081 353 1152 partem
376 1054 534 1154 quandam
554 1070 639 1154 capit
654 1062 683 1132 'a
704 1070 817 1135 verbo.
867 1071 911 1133 At
933 1092 1028 1154 quam
1049 1071 1197 1154 partem?

152 1160 455 1253 Nullamprofectc'
476 1171 589 1249 aliam,
623 1195 717 1256 quam
745 1171 1046 1256 adsignificationem
1073 1186 1196 1256 tempu·

152 1276 196 1335 ris
206 1296 227 1366 a⁸
247 1295 343 1358 quam
372 1273 454 1353 male
483 1273 532 1334 ilii
558 1268 832 1356 videtur'ncgare
854 1275 1009 1337 Sanctius.
1062 1277 1197 1338 Miratur

150 1370 257 1437 eutem
286 1375 320 1436 iu
346 1377 397 1453 Me
427 1376 558 1440 Ursinus
588 1376 673 1438 Sect.
694 1377 748 1441 vl.
779 1386 846 1441 t'nit.
879 1377 965 1475 quud
987 1391 1050 1453 tam
1071 1391 1196 1442 stram

150 1488 211 1543 Ime
239 1501 333 1543 suum
356 1488 516 1553 ucetrtensl
527 1489 702 1560 participiis
728 1492 838 1543 cantra
866 1488 1030 1545 Suettium
1050 1502 1196 1544 assente-

149 1592 227 1664 n'm,
260 1593 291 1642 et
311 1593 416 1641 tamen
437 1592 561 1647 incaute
577 1603 713 1664 proram
729 1602 842 1662 sequar
870 1590 991 1646 illum
977 1605 1013 1646 m
1032 1604 1083 1664 ec,
1114 1591 1197 1662 quud

147 1693 330 1766 partieipia
339 1693 409 1748 atat
425 1695 558 1749 umatus
586 1694 745 1749 adiectum
795 1683 877 1765 Ipse
894 1703 974 1745 veru
1011 1693 1048 1748 ss·
1068 1694 1195 1749 aarum

125 1860 130 1871 ι
149 1797 388 1867 summepere,
415 1797 581 1865 participat
601 1809 673 1850 cum
693 1796 826 1863 tempore
847 1790 1033 1868 siqntficant,
1055 1796 1195 1850 diuersae

149 1910 188 1951 ec
205 1896 271 1950 sint
288 1898 449 1967 amarae,
446 1901 586 1946 necesse
606 1896 767 1966 putat—
796 1886 867 1967 Ipse
888 1886 1020 1945 Ursinus
1042 1886 1127 1948 Sect.
1148 1888 1195 1953 vt

149 2008 177 2073 c,
198 1991 229 2055 3.
251 1986 393 2070 quinque
413 1996 585 2051 trudentia
603 1985 642 2047 ab
665 1981 844 2048 numinibus
865 2000 986 2065 sumta,
1007 2009 1116 2072 casus,
1137 1998 1194 2052 de-

148 2100 357 2170 clinationem,
378 2108 492 2171 penus,
520 2098 685 2153 metimtsm
705 2100 737 2149 et
757 2099 1033 2174 conparationem,
1064 2089 1194 2172 partiri·
1271 2104 1274 2109 ·

146 2193 203 2276 piu
224 2189 353 2269 tribuit,
387 2202 419 2251 et
439 2189 606 2253 thracho,
624 2188 729 2251 sulum
748 2178 876 2271 tempus.
930 2189 1017 2280 Quid
1047 2191 1122 2253 inde
1143 2211 1191 2252 se·

148 2295 274 2380 quitur,
295 2292 358 2355 nisi
378 2313 449 2354 esse
469 2312 603 2372 nomen,
625 2291 713 2376 quud
733 2305 863 2375 praeter
884 2315 991 2377 casus,
1010 2301 1191 2358 metuatis-

146 2418 219 2468 ttem
244 2410 278 2465 et
300 2390 400 2478 yetus
424 2393 643 2476 habetsetiam
667 2403 832 2459 motmnem
861 2406 894 2456 et
922 2407 1189 2479 comparationem,

57 2513 64 2531 ‘
147 2516 182 2565 ut
201 2500 298 2564 habet
318 2520 433 2561 nomeu
455 2496 666 2576 adiectitum3
691 2497 749 2559 sed
771 2497 859 2582 quod
878 2497 1011 2582 insuper
1030 2498 1124 2560 unius
1139 2497 1192 2560 tei
1281 2558 1285 2575 ,

147 2618 195 2665 est
215 2603 374 2685 particeps
396 2597 615 2662 rerb0?e;.

231 2686 438 2794 Quantopere
458 2698 494 2759 hi
514 2700 710 2780 grammatici
729 2702 762 2762 in
782 2704 944 2786 participii
964 2717 1077 2767 natura
1097 2704 1188 2767 iudc-

145 2780 242 2887 ieque
263 2798 440 2862 definienda
467 2823 485 2861 a
507 2820 585 2863 vere
608 2801 845 2882 aberraverint,
874 2806 940 2868 vel
949 2805 1023 2866 iude
1043 2806 1187 2889 adparet,

148 2904 234 2990 quud
256 2902 435 2985 linguarum
449 2901 634 2984 permultae
653 2915 741 2981 suut,
762 2904 796 2965 iu
816 2904 933 2987 quibus
952 2924 1012 2966 nec
1032 2904 1188 2968 adiectiva

145 3028 207 3070 nec
226 3004 392 3089 partieipia
413 3023 474 3087 per
494 3023 583 3069 casus
603 3001 782 3067 flectantur.
835 3007 871 3069 Si
892 3027 968 3070 vera
996 3027 1186 3075 erueremu-

124 3109 193 3170 .his
215 3107 415 3192 propositum
436 3105 606 3184 habemus,
628 3126 690 3169 non
712 3108 773 3169 nisi
793 3127 905 3171 eorum
925 3107 1185 3191 significationem

144 3215 349 3297 respiciamus
380 3234 509 3275 necesse
532 3226 596 3274 este
638 3231 793 3287 necteus
813 3232 893 3291 nus,
921 3211 1002 3277 haue
1028 3212 1184 3276 rationem

145 3331 324 3402 sequutus,
343 3317 444 3378 latare
464 3304 588 3398 potest,
615 3315 783 3398 participia
804 3314 849 3376 ab,
866 3313 1028 3377 adiectivis
1049 3316 1185 3400 proprie

144 3420 192 3482 sie
212 3419 303 3479 dictis
325 3438 364 3478 eo
384 3417 607 3479 tantummodo.
624 3413 776 3495 differre,
799 3416 885 3500 quod
906 3416 986 3481 haee
1000 3418 1183 3502 qualitatem

112 3536 115 3542 '
144 3521 282 3603 aliquam
303 3517 358 3579 vei
376 3516 556 3613 substantiis
574 3520 705 3580 omnine
727 3517 962 3598 inhaerentem,
992 3520 1045 3581 vel
1072 3519 1183 3578 saltem

144 3624 229 3697 omni
251 3620 374 3697 actione
395 3618 576 3704 privatam,
603 3621 657 3682 illu
677 3638 757 3682 vcro
778 3621 934 3682 eiusmodi
957 3616 1182 3696 conditionem,

144 3746 320 3825 quaecum
349 3709 490 3784 efficacia
518 3714 624 3811 aliqua
652 3723 819 3809 coniuncta
846 3723 903 3797 sit,
936 3719 989 3782 vel
1009 3717 1083 3778 iude
1103 3732 1182 3811 peu·

143 3826 216 3897 deut
242 3841 337 3912 atque
366 3824 512 3915 profecta
540 3825 599 3909 sit,
632 3824 806 3908 designent.
860 3825 931 3882 Huc
960 3829 1104 3900 spectant
1132 3840 1181 3919 ea,

144 3949 224 4012 quae
244 3931 387 4017 Baucrus
408 3927 431 3989 l.
452 3927 473 3989 t
496 3924 625 4011 adfert,
638 3916 711 4004 ubi,
740 3928 866 4002 svera,
884 3918 1008 4007 inquit,
1023 3921 1112 3985 notio
1133 3914 1182 3984 est

143 4030 313 4111 adiectiti,
332 4043 365 4101 et
378 4028 628 4121 philuspphiua,
643 4041 689 4101 ut
692 4026 852 4105 ostendet,
871 4032 959 4119 maele
978 4023 1020 4087 sit
1038 4024 1181 4087 substan·

142 4131 264 4214 tivum,
296 4132 397 4219 qualis
418 4133 515 4203 hamc
537 4130 590 4200 vel
610 4151 682 4212 res,
713 4151 766 4205 cur
785 4126 977 4211 addatur,
966 4149 1000 4191 m
1020 4146 1087 4215 quc
1105 4125 1181 4193 iusit
