2616 4814
528 464 699 519 cannenses.
716 464 750 517 11.
1123 458 1160 519 ὅ

207 628 308 691 Sexus
328 629 519 713 generisque
539 628 733 691 noetionem
749 627 782 689 in
800 624 918 712 plurali
933 628 1067 691 'numero
1080 646 1157 691 non·

125 749 295 815 numquam
312 729 515 808 intercidere,
535 730 569 793 id
590 749 664 792 sane
685 749 703 790 e
724 728 1040 813 lingusGermunics,
1059 730 1158 791 Fran·

124 830 299 915 rogellius
320 830 536 915 etAnglicsna
557 831 770 915 cognoscitur.
811 830 847 891 ln
860 830 968 915 lingua
982 830 1066 893 enim
1077 831 1158 895 Ger·

123 933 244 994 manica
264 953 329 994 non
351 933 412 995 nisi
430 954 493 995 una
513 934 579 996 sola
596 934 793 1018 singulorum
813 932 1038 1017 pronominum
1058 944 1158 995 exstsu

122 1034 255 1121 pluralis
276 1037 401 1097 numeri
419 1034 541 1116 forma,
574 1056 655 1120 quse
675 1035 774 1119 igitur
793 1035 832 1096 ud
855 1034 1007 1119 cuiusque
1033 1035 1159 1119 generis

124 1137 318 1201 substantive
336 1136 451 1199 referri
480 1139 534 1203 rel
555 1139 692 1201 cumeis
713 1136 862 1221 coniungi
882 1135 985 1199 debet.
1036 1134 1071 1195 ln
1101 1134 1160 1197 lin·

124 1259 186 1322 guu
205 1238 378 1322 Anglieans
399 1238 484 1301 idem
505 1241 590 1303 valet
610 1242 641 1301 ln
662 1260 838 1324 pronomen
857 1239 1028 1324 personale
1045 1238 1160 1301 tertius

124 1361 291 1423 personae.
333 1341 457 1424 Lingua
475 1342 736 1425 Franco-gallica
757 1362 837 1405 vero
857 1352 889 1403 ct
903 1340 1092 1404 Germanica
1111 1361 1160 1402 sr-

123 1444 255 1506 tieulum
276 1440 476 1505 definientem
496 1463 559 1504 non
579 1443 640 1505 nisi
660 1466 721 1506 una
744 1444 811 1507 sols
831 1443 1001 1527 pluraliter
1022 1440 1163 1505 efferunt

123 1542 243 1625 formu,
276 1564 357 1629 quus
379 1543 525 1606 omnibus
545 1544 767 1630 substantivis,
795 1544 1012 1630 uniuscunque
1031 1538 1160 1629 generi·

123 1648 202 1728 sint,
224 1646 432 1731 praeponitur
447 1648 490 1729 ¹).

203 1753 275 1812 Non
297 1770 424 1831 semper
445 1748 486 1813 de
507 1770 570 1811 uns
589 1748 761 1813 substantia
781 1749 963 1835 loquimur,
995 1768 1101 1833 neque
1121 1746 1164 1811 (le

122 1871 187 1913 uno
217 1850 287 1911 solo
314 1848 459 1911 subiecto
488 1852 608 1935 aliquid
630 1853 844 1931 enuntiamus,
877 1850 936 1915 sed
955 1870 1050 1933 saepe
1069 1848 1164 1931 plura
1190 1878 1194 1883 ·

123 1952 164 2014 sd
184 1972 283 2013 unum
303 1950 455 2035 idemque
483 1968 582 2033 genus
609 1954 783 2018 eundemne
811 1954 951 2037 speciem
971 1950 1165 2037 pertinentis

123 2054 286 2116 individua
318 2066 446 2115 nostrae
478 2054 737 2139 contemplationi
770 2054 984 2117 artusinus·
1026 2056 1170 2115 Necesse

123 2156 223 2239 igitur
245 2169 310 2235 est,
343 2156 430 2239 quod
451 2156 589 2217 maxime
618 2155 715 2218 rudes
743 2169 839 2241 atque
859 2155 970 2219 inculti
991 2156 1054 2217 ism
1073 2152 1170 2219 intel.

122 2258 269 2326 leserunt
296 2254 429 2341 populi,
461 2271 497 2320 ut
526 2278 655 2335 eorum,
687 2256 729 2319 tle
758 2258 872 2342 quibus
901 2277 1007 2321 sermo
1029 2268 1094 2337 est,
1126 2254 1168 2317 usi

121 2382 220 2422 unum
241 2380 339 2444 genus
362 2380 499 2425 unamve
521 2361 661 2445 speciem
683 2358 912 2441 pertinentium
927 2357 1167 2423 individuorum

122 2483 272 2527 numerus
294 2460 499 2544 significetur.
541 2461 578 2523 ld
601 2480 679 2523 vero
702 2459 829 2522 diversa
848 2456 921 2521 lieri
942 2472 1049 2545 potest
1069 2459 1168 2521 ratio·

122 2586 181 2635 ne:
205 2578 237 2627 ct
257 2564 456 2625 diversarum
477 2562 639 2629 nationum
660 2560 783 2645 linguas
805 2574 1060 2643 perscrutantes,
1080 2562 1115 2623 iu
1129 2582 1168 2625 re

124 2684 202 2730 vera
233 2664 454 2729 diversissimis
480 2663 585 2725 modis
612 2663 729 2723 factum
751 2682 840 2740 esse,
870 2662 1076 2728 inveniemus.
1129 2662 1168 2725 lu

125 2765 234 2846 lingua
255 2785 385 2840 eorum,
417 2764 473 2846 qni
503 2762 598 2825 Sinas
624 2762 838 2845 lapsniaeque
859 2782 960 2847 regnu
979 2764 1167 2843 inhabitant¹

125 2884 277 2925 numerus
293 2863 426 2946 pluralis
442 2863 599 2947 peculiari
618 2864 788 2944 vocabulo,
803 2864 923 2927 nomini
938 2852 1010 2928 sine
1023 2867 1088 2927 ulla
1101 2865 1167 2929 for·

124 2987 196 3027 mne
222 2965 321 3049 ipsius
348 2964 523 3053 mutatione
545 2964 672 3045 adeun,
702 2962 915 3051 significatum
957 2966 990 3027 in
1018 2986 1166 3051 cavero,

125 3090 219 3154 quam
241 3066 355 3129 Malaei
378 3064 571 3151 loquuntur,
592 3067 653 3127 nisi
673 3067 737 3129 iam
757 3086 796 3155 ex
815 3066 1031 3131 numeralibus
1045 3070 1166 3139 nomini

125 3169 255 3235 adiectis
275 3169 488 3254 perspicitur,
521 3168 709 3249 substantivi
729 3168 830 3257 ipsius
857 3182 985 3243 noenu
1001 3174 1165 3261 repetitio·

127 3326 345 3355 ,ΗΠ-

259 3418 331 3481 ille
348 3424 457 3497 teger.
473 3436 558 3480 urus.

579 3536 616 3555 σ-
648 3526 701 3565 nor
715 3508 769 3565 ltus
785 3508 837 3567 she
854 3516 941 3581 stus,

193 3600 233 3652 At
249 3597 344 3653 whose
362 3602 461 3670 strong
480 3598 559 3655 cheat
576 3600 628 3655 ttae
644 3600 749 3679 (loudly
764 3606 844 3682 lyges
858 3602 959 3675 hunge,

194 3688 258 3743 E‘cr
275 3690 377 3769 plov'tl
393 3691 440 3749 tor
457 3690 520 3749 lslnt.

632 3778 821 3838 frenasse
841 3777 953 3849 Spu-lng-
970 3770 1031 3827 861·

257 3868 329 3925 rea
343 3874 438 3939 gout.
455 3884 541 3922 masc.
782 3934 785 3941 Ι

193 3950 310 4009 111ιίιί
332 3964 401 4026 gout
418 3956 473 4010 laad
492 3959 564 4011 been
581 3972 613 4011 us
636 3955 768 4011 fntshtsss
792 3970 825 4011 et
841 3952 896 4007 tres
912 3949 1010 4005 lovers
1041 3946 1096 4005 untl
1112 3944 1164 4003 stas

110 4038 184 4115 ‚nat
201 4048 252 4113 get
269 4060 287 4098 s
304 4042 382 4099 little
400 4047 457 4119 slog
472 4045 501 4100 in
520 4046 580 4101 lieu
597 4046 631 4099 ol
645 4046 710 4099 lim.
1073 4096 1076 4101 .

772 4128 921 4184 Yorielc’s
938 4122 1015 4183 lent.
1031 4125 1128 4179 loun·

94 4238 98 4245 ·
195 4217 228 4287 t)
244 4218 289 4275 ct.
305 4218 414 4279 nanta
428 4220 563 4281 icuudm
581 4218 772 4297 Semchlslsre
788 4218 820 4275 lu
835 4216 959 4275 netues.
974 4233 1002 4289 p.
1017 4208 1081 4271 1⁶2.
1168 4204 1179 4275 i
