2616 4814
181 392 237 451 218
526 391 564 461 X.
597 392 733 465 decerpto
751 392 884 465 quaedem

183 559 318 645 hospitis
338 553 647 623 consuetudinem&
668 558 744 619 Ter.
758 556 857 647 Andr.
878 558 927 638 ll,
947 559 987 637 6,
1009 560 1039 628 7.
1059 594 1102 608 -
1122 566 1227 625 nitrum

183 664 385 725 immemores
406 656 600 743 discipuliia
624 656 704 721 Ibid.
725 660 787 741 lll,
809 664 849 742 1,
870 664 921 732 19.
971 660 1226 745 Haudquaquam

182 776 288 829 tamen
317 763 466 828 volumus
496 758 648 841 infitiari,
686 761 843 846 particula
874 785 951 830 num
982 762 1226 847 interrogationi

182 864 366 951 praeposita
387 863 570 948 saepissime
591 861 633 926 ob
655 864 837 947 graviorem
857 864 994 929 fortasse
1014 884 1138 946 sonum,
1160 884 1225 948 quo

181 965 383 1052 pronuntiari
402 978 529 1050 potest,
551 965 605 1029 vel
628 964 867 1041 admirationem
889 967 1063 1053 quandam,
1094 965 1148 1030 vel
1169 967 1227 1027 dn-

182 1067 385 1147 bitationem,
415 1066 469 1131 vel
490 1088 580 1152 spem
600 1088 729 1153 quoque
751 1069 909 1152 exprimi,
939 1068 1011 1132 iore
1033 1082 1068 1133 ut
1088 1088 1159 1149 res,
1184 1067 1225 1130 de

184 1191 247 1255 qua
268 1169 448 1255 quaeritur,
469 1169 572 1254 possit
585 1171 715 1255 negari,
736 1170 788 1233 cui
807 1172 856 1234 rei
876 1172 910 1235 in
930 1171 1037 1254 lingua
1054 1169 1225 1237 vernacula

184 1271 337 1337 adverbia
356 1280 454 1357 wetti,
475 1280 643 1358 stetteutt,
667 1282 847 1340 urteola
862 1280 966 1358 nicht,
987 1272 1173 1337 inserviunt.

276 1435 332 1516 10)
381 1434 436 1497 De
465 1435 656 1520 pronomine
692 1446 758 1521 ipae
792 1438 861 1500 aliis
895 1433 1137 1523 pronominibus
1173 1430 1226 1495 ad·

183 1535 293 1599 iuncto
316 1536 358 1618 ¹).

266 1640 449 1700 Pronomen
469 1648 536 1721 ipse
559 1639 628 1703 aliis
650 1661 745 1725 saepe
766 1641 927 1705 invenitur
948 1641 1132 1704 adiunctum
1151 1656 1227 1722 pro·

179 1739 380 1803 nominibus:
422 1761 486 1825 quo
506 1761 585 1805 tero
606 1742 686 1804 illud
707 1756 775 1806 tum
795 1742 978 1827 ponendum
1000 1742 1041 1804 sit
1062 1760 1154 1818 mnu,
1182 1748 1227 1799 at·

185 1863 344 1928 quonum
365 1841 398 1903 in
420 1860 460 1903 eo
490 1861 562 1904 cum
592 1841 739 1927 adposito
767 1845 958 1930 pronomine
980 1842 1152 1908 convenire
1173 1838 1227 1902 dc·

167 1948 278 2028 dieat,
307 1968 426 2028 necne,
459 1947 750 2012 Grammaticorum
778 1947 944 2032 praecipui
971 1965 1143 2031 numquam
1163 1960 1228 2003 non

185 2048 430 2130 addubitarere,
453 2062 485 2114 et
506 2069 546 2112 ne
567 2071 652 2113 nunc
674 2050 803 2137 quidem
823 2048 862 2111 lis
884 2049 939 2111 illa
959 2067 1092 2134 prorsus
1114 2041 1229 2106 diiudi-

185 2166 254 2217 cata
275 2164 332 2216 est.
375 2153 440 2225 lam
461 2164 498 2215 ut
519 2172 558 2214 eo
581 2153 776 2230 accuratius,
798 2150 875 2236 quid
895 2149 956 2213 hac
976 2150 1016 2212 de
1035 2169 1072 2212 re
1091 2158 1228 2210 statuen-

185 2256 280 2335 dum,
303 2274 425 2340 quaeve
448 2254 516 2317 eius
536 2254 619 2320 ratio
635 2253 845 2339 praeferenda
866 2254 925 2333 sit,
948 2270 1088 2336 numque
1101 2266 1229 2333 semper

185 2350 336 2435 eundem,
369 2378 406 2416 an
429 2355 588 2417 interdum
619 2357 750 2418 alteram
778 2376 907 2443 quoque
929 2355 1020 2440 sequi
1045 2352 1228 2429 debeamus,

184 2456 322 2538 intelligi
347 2456 467 2538 possit,
498 2475 561 2516 non
592 2455 745 2518 absonum
773 2458 855 2536 erit,
886 2478 923 2519 ea
951 2456 1105 2540 colligere
1134 2465 1229 2537 atque

185 2555 241 2620 uni
270 2555 396 2621 obtutui
424 2555 600 2637 subiicere,
632 2580 713 2645 quae
734 2560 804 2627 VV.
826 2560 900 2621 DD.
930 2558 970 2622 de
989 2558 1044 2619 illa
1066 2553 1230 2643 pronomi-

186 2680 263 2721 num
282 2664 448 2739 {struotura
480 2672 672 2723 censuerunt
699 2660 865 2723 monenda.
920 2659 1078 2723 Manutius
1100 2656 1231 2744 quidem

186 2763 227 2827 ad
253 2760 332 2824 haec
361 2761 524 2824 Ciceronis
555 2762 672 2825 verba:
703 2772 849 2845 Reliquas
874 2786 947 2828 nero
973 2775 1080 2845 portes
1107 2769 1169 2826 diei
1195 2774 1231 2826 tu

79 2874 82 2879 '
186 2868 418 2933 consummetur
437 2872 487 2928 leia
506 2870 772 2950 delectationibus,
799 2886 877 2947 quus
898 2873 1064 2946 tibiipsi
1083 2874 1124 2929 ad
1142 2868 1231 2927 ardi-

185 2980 282 3036 trium
300 2989 500 3047 compararas
512 2967 561 3046 ²):
585 2966 756 3062 »Quinque
776 2965 852 3027 libri
872 2979 1015 3046 veteres,
1035 2965 1154 3050 inquit,
1177 2972 1233 3031 titt

185 3083 269 3154 epse,
300 3068 387 3154 quod
410 3066 569 3131 nonnullis
590 3067 711 3151 placuit
739 3071 787 3149 (et
808 3067 847 3128 ab
868 3070 1004 3130 Ernesto
1027 3067 1149 3151 optimo
1171 3086 1230 3132 auo

185 3175 258 3238 iure
285 3181 450 3254 receptum
481 3170 564 3251 est),
596 3181 631 3230 ut
652 3167 799 3232 Ciceroni
819 3170 918 3252 magia
945 3169 1105 3232 usitatum.
1156 3173 1229 3254 Ego

186 3288 358 3358 utrumque
378 3271 514 3357 probo«
565 3269 715 3331 Dukerus
738 3291 885 3355 quoque,
917 3271 957 3333 de
978 3271 1037 3335 hac
1057 3293 1095 3334 re
1122 3271 1231 3357 dispu-

187 3391 274 3454 tans,
305 3374 344 3436 ad
364 3373 444 3437 haec
464 3373 556 3434 Fluri
577 3370 618 3432 de
647 3370 731 3434 bello
760 3373 870 3435 sociali
891 3372 936 3435 ibi
956 3374 1085 3461 quidem
1107 3376 1229 3459 agentis

186 3479 304 3546 verba:
347 3484 430 3551 Quid
451 3484 511 3543 leuc
539 3482 624 3538 clade
654 3477 798 3537 tristius?
838 3485 914 3556 quid
931 3480 1162 3549 calamitosius?
1187 3510 1231 3527 -·

188 3602 283 3669 quum
302 3600 410 3659 repunt
429 3591 460 3643 et
483 3586 620 3657 centium
640 3583 755 3641 arbiter
771 3586 904 3658 populus
925 3588 1052 3659 ipsum
1072 3602 1106 3644 se
1124 3603 1230 3661 repere

187 3708 251 3752 nnn
267 3694 387 3767 posset,
408 3693 445 3745 ut
464 3688 582 3744 nietrt'e
601 3683 697 3743 Asiae
717 3684 919 3760 Europaeque
939 3704 959 3743 a
980 3686 1113 3758 Corfinio
1129 3691 1229 3749 unna

184 3797 342 3873 peteretur
354 3784 405 3864 ³);
428 3778 671 3845 »observarunt
690 3778 806 3859 Docti,
827 3780 947 3871 inquit,
966 3803 1145 3867 pronomen
1162 3796 1229 3867 ipse

254 3980 286 4043 1)
304 3976 368 4030 vid.
385 3975 446 4031 ind.
463 3974 557 4031 crant.
574 3992 618 4031 su.
635 3972 877 4032 nncccan.

254 4065 286 4130 2)
305 4063 394 4132 Epist.
411 4063 447 4116 sd
466 4063 530 4119 mv.
547 4064 624 4129 Vll,
641 4065 667 4118 1.

256 4152 288 4221 8)
305 4152 380 4223 Epit.
399 4153 469 4209 liar.
487 4153 570 4211 Rom.
587 4151 650 4219 ut,
668 4153 712 4211 la
731 4172 757 4223 p.
774 4151 835 4210 581.
