2616 4814
177 395 215 456 ss
371 364 414 451 is
447 390 1031 483 mmomuuagmoatgaa,

178 559 275 647 pbica
302 558 394 623 uobis
420 556 538 639 modu,
568 569 741 643 praecepta
767 556 935 622 advertere
964 557 1121 639 animum,
1163 577 1224 622 uec

181 652 347 742 oblivisci,
369 661 438 727 illes
457 679 522 723 non
542 656 637 745 plane
656 658 706 720 bis
728 679 924 746 congruere,
947 661 1024 745 quin
1044 658 1153 744 potius
1174 659 1223 751 in·
1296 708 1300 717 .

180 761 311 827 terdum
336 761 380 824 ab
408 762 487 846 ipsis
513 781 609 850 quam
635 761 771 824 maxime
791 754 975 842 aberrare,
994 761 1028 822 id
1048 760 1136 846 quod
1158 761 1223 823 iam

181 865 257 927 iude
277 848 429 948 adparet,
456 863 544 948 quod
564 860 744 925 nominibus
765 864 906 948 propriis
926 863 966 926 ab
987 855 1104 941 Atticis
1119 863 1223 947 scrip·

179 964 304 1031 toribus
325 966 477 1030 articulus
498 963 699 1049 praepositus
720 978 783 1029 est:
811 965 874 1029 boc
895 966 979 1029 euim
1002 965 1221 1029 tantummodo

104 1151 107 1160 .
180 1083 255 1134 tnnc
275 1067 347 1131 fieri
367 1068 546 1146 debuisset,
566 1066 594 1129 si
615 1067 725 1151 plures
738 1067 881 1131 eiusdem
896 1067 1037 1131 nominis
1058 1074 1223 1133 exstarent

179 1190 354 1257 personae,
383 1191 517 1254 quarum
538 1191 600 1232 una
621 1190 639 1232 a
660 1170 774 1232 ceteris
795 1170 1014 1254 distinguenda
1035 1182 1126 1232 esset.
1175 1169 1221 1232 At

178 1292 260 1338 vero
282 1285 316 1335 et
336 1271 377 1335 ad
397 1271 460 1334 boc
483 1270 687 1334 adtendamus
708 1269 838 1333 necesia
858 1284 922 1351 est,
941 1271 1085 1335 homines
1107 1272 1140 1332 in
1159 1271 1218 1334 lin·

179 1376 249 1460 guis
277 1372 459 1461 excolendis
488 1385 521 1437 et
549 1373 588 1434 ad
615 1372 769 1435 maiorem
795 1374 1022 1457 promovendis
1048 1372 1221 1459 perfectio·

179 1462 254 1538 neni
274 1474 570 1559 absolutionemque
592 1495 657 1537 non
678 1487 780 1538 certas
796 1495 839 1538 ac
861 1475 1004 1540 definitas
1026 1477 1132 1538 statim
1152 1474 1220 1538 sor·

178 1597 282 1641 messe
300 1577 448 1663 regulas,
469 1596 547 1661 quas
569 1575 795 1658 observarent,
814 1577 871 1640 sed
892 1596 1019 1665 sensum
1040 1578 1148 1661 potius
1170 1577 1219 1639 in-

178 1693 323 1758 ternum,
355 1701 373 1741 a
392 1691 504 1741 natura
528 1676 606 1761 ipsis
627 1696 831 1760 conoessum,
863 1680 919 1766 qui
938 1698 994 1742 eos
1015 1679 1048 1741 iu
1070 1679 1219 1743 omnibus

179 1780 219 1842 ad
239 1779 379 1843 tribunal
399 1778 531 1843 rationis
552 1777 730 1843 referendis
750 1782 846 1845 rebus
868 1783 1016 1861 duceret,
1038 1802 1108 1845 esse
1128 1802 1221 1845 secu·

177 1895 228 1945 tos
243 1883 283 1965 ¹).
322 1878 408 1944 'Hoc
434 1882 532 1965 igitur
561 1881 656 1944 etiam
684 1895 833 1966 respectu
855 1883 982 1947 articuli
1007 1882 1127 1949 tactum
1150 1904 1221 1948 esse

177 2005 235 2048 nos
255 1997 425 2048 statuamus
448 1995 596 2068 oportet,
617 1997 650 2047 et
667 1985 845 2048 Homerum
865 1984 1158 2070 inspicientes·rem
1174 1985 1220 2048 ita

177 2106 214 2151 so
233 2086 354 2151 babere
376 2077 562 2149 invenimus.
615 2085 795 2147 Articulum
816 2086 921 2165 enim,
950 2086 1149 2172 paucissimis
1171 2087 1219 2150 lo-
1298 2164 1301 2169 ι

177 2189 222 2251 cis
243 2189 404 2271 exeeptis,
436 2186 483 2249 ibi
503 2185 572 2248 fere
603 2185 781 2269 adpositum
802 2187 964 2267 videmus,
996 2188 1053 2249 ubi
1073 2188 1127 2253 vel
1148 2207 1220 2250 sen·
1266 2203 1269 2207 ’

177 2299 229 2352 sus
250 2290 319 2351 sine
340 2290 412 2373 ipso
434 2286 589 2351 obscurus
610 2286 714 2370 foret,
747 2288 799 2353 vel
819 2309 857 2350 re
877 2309 954 2352 vera
975 2288 1045 2372 ipse
1066 2287 1218 2351 articulus

177 2391 305 2454 omnino
327 2411 393 2480 non
412 2390 520 2474 posset
540 2390 661 2453 abesse.
709 2389 826 2455 Omnia
847 2390 996 2475 quidem,
1025 2388 1082 2453 ubi
1102 2390 1220 2453 articu-

177 2493 227 2555 lus
247 2490 332 2577 apud
344 2495 522 2556 Homerum
543 2491 702 2571 occurrit,
723 2491 864 2555 nondum
884 2492 1032 2555 adnotavi
1048 2492 1138 2572 loca3
1159 2492 1219 2556 sed

178 2615 233 2673 ea,
266 2614 347 2678 quae
368 2593 484 2657 iamin
504 2595 610 2658 medio
631 2613 828 2678 proponam,
861 2594 922 2656 nisi
949 2614 1001 2657 me
1032 2595 1137 2657 omnia
1157 2592 1217 2656 fal·

176 2697 265 2776 lunt,
285 2693 458 2778 sufficient,
478 2696 519 2761 ad
540 2717 596 2778 ea,
616 2714 699 2782 quae
719 2694 889 2761 adfirmare
909 2718 1004 2762 ausus
1019 2719 1109 2778 sum,
1130 2716 1217 2760 com·

175 2798 350 2882 probanda.

250 2900 322 2965 lam
342 2923 421 2967 vero
441 2903 498 2982 iis,
527 2923 609 2990 quae
630 2902 755 2971 allisis
778 2901 908 2966 doctiss.
930 2904 1027 2965 modo
1048 2901 1216 2963 nominatis

177 3003 348 3068 dilucidata
369 3019 463 3092 atquc
485 3007 628 3090 exposita
649 3018 738 3083 suut,
762 3004 1005 3086 praetermissis,
1026 3020 1063 3062 ea
1081 3011 1215 3060 tantum-

175 3106 291 3186 modo,
317 3128 417 3192 quae,
446 3128 636 3192 quamquam
655 3104 822 3166 maximam
842 3102 909 3179 rei,
944 3102 984 3163 de
1007 3121 1069 3183 qua
1099 3098 1215 3181 agitur,

175 3205 281 3270 lucem
307 3222 440 3293 possunt
466 3206 611 3284 adferre,
650 3202 824 3266 tamenab
852 3202 927 3284 ipsis
957 3201 1102 3284 neglecta
1130 3212 1214 3279 sunt,

177 3311 441 3373 commemorabo.
493 3308 580 3404 Quid
601 3307 771 3384 animast,
804 3303 891 3387 quod
912 3302 1065 3386 probem,
1099 3300 1214 3363 iamin

175 3411 310 3475 Homeri
341 3409 533 3474 carminibus
563 3408 731 3470 articulum
757 3404 938 3466 nominibus
958 3404 1100 3489 propriis
1122 3423 1213 3464 more

175 3513 283 3576 Attico
311 3511 471 3574 interdum
502 3508 680 3593 adpositum
708 3524 797 3586 esse,
827 3526 900 3570 cum
921 3519 970 3572 tot
997 3506 1037 3568 ab
1055 3506 1128 3569 aliis
1150 3505 1213 3567 iam

174 3614 298 3697 prolata
317 3614 389 3676 loca
408 3610 442 3673 id
463 3609 656 3697 ostendant?
697 3610 901 3675 Contendunt
920 3610 1070 3697 quidem,
1103 3626 1212 3693 quem

181 3794 400 3821 &du—*3¹-

242 3896 273 3970 1)
299 3896 436 3968 „Ubique
459 3895 489 3952 in
506 3895 667 3969 linguarum
685 3895 902 3952 couiormstleue
927 3893 1051 3966 vestigia
1066 3893 1211 3966 reperiun-

174 3990 223 4046 ini
246 3982 476 4059 diligentissimae
501 3984 721 4051 observationis,
750 4002 807 4055 qus
831 4000 908 4038 meus
934 3983 1058 4038 humanu
1081 3991 1111 4040 et
1134 3983 1209 4039 ratio

173 4076 258 4143 etiem
282 4068 327 4130 sui
351 4074 407 4129 sibi
424 4076 516 4130 minus
540 4073 649 4129 cessem
667 4073 760 4131 omnia
775 4072 970 4146 pervestigare
997 4073 1101 4129 solet.“
1135 4073 1211 4128 Her·

170 4175 242 4220 man.
259 4165 295 4220 ds
312 4158 418 4230 emend.
435 4172 489 4221 rati
506 4172 550 4238 gt.
566 4175 609 4236 gt.
627 4179 654 4235 p.
670 4161 732 4219 mo
