2616 4814
531 423 700 487 Commeatut.
719 423 766 479 111.
810 435 815 455 ⁸
1120 417 1172 475 1⁰1

132 587 214 651 banc
235 587 482 673 adpellationem
499 589 647 673 opinatur
667 586 825 670 originem
844 582 988 662 traxisse,
1009 580 1097 670 quod
1111 599 1169 644 vo·

133 709 171 752 ce
199 713 292 763 cosas
320 690 413 753 etiam
434 676 509 767 linis
536 690 734 753 contineatur
754 685 960 774 significati03
1003 685 1035 747 in
1056 684 1170 748 Latina
1244 700 1250 707 ’

132 792 334 875 veroling'ua
347 790 449 857 omnis
463 792 631 854 declinatio
646 789 876 853 terminationis
889 788 1062 853 mutatione
1077 785 1114 852 iit
1125 790 1168 869 ¹).

131 893 243 976 Longe
264 893 357 956 aliter
377 894 418 957 d'e
438 893 499 958 bac
518 916 556 957 re
576 894 782 977 Peripatetici
803 891 1002 971 iudicarunt,
1035 889 1116 952 sicut
1136 901 1170 950 ct

128 994 252 1074 Stoici,
284 995 403 1080 quique
423 995 482 1057 bos
506 999 607 1059 secuti
628 1011 700 1061 sunt
721 995 943 1075 Grammatici3
987 1014 1068 1079 quae
1089 1011 1169 1056 vcro

131 1096 181 1156 illi
209 1095 250 1181 de
271 1118 310 1159 ea
338 1097 560 1178 tradiderunt,
599 1121 662 1162 non
691 1098 752 1162 nisi
781 1113 848 1163 tum
869 1107 1022 1182 poterunt
1042 1094 1170 1181 adponi,

133 1219 231 1287 quum
252 1199 449 1283 singulorum
476 1220 605 1265 casuum
624 1200 689 1266 vim
708 1212 963 1286 potestatemque
992 1196 1171 1263 accuratius

131 1301 437 1386 investigaverimus.

153 1420 156 1427 ’
213 1405 279 1473 Nos
299 1400 449 1487 profecto
471 1424 531 1468 nec
552 1407 709 1490 cogitare,
730 1426 790 1470 nec
810 1403 986 1491 quidquam
1006 1398 1172 1493 enuntiare

129 1525 317 1591 possumus,
338 1505 400 1567 nisi
420 1506 479 1586 sit,
500 1508 587 1592 quod
606 1522 734 1572 nostrae
754 1507 958 1571 subiiciamus
978 1500 1171 1585 contempla-

130 1605 229 1684 tioni,
259 1607 353 1675 etde
374 1628 439 1692 quo
469 1610 606 1694 cogitata
626 1624 732 1674 nostra
752 1607 974 1695 proferamus3
1006 1604 1070 1666 boc
1090 1622 1171 1668 vero

131 1707 165 1769 id
187 1727 274 1788 esse,
294 1709 381 1795 quod
401 1731 419 1772 a
440 1711 660 1777 Grammaticis
681 1712 816 1798 subiecti
836 1711 966 1772 nomine
987 1706 1171 1792 insignitum

130 1810 333 1887 substantivis
362 1811 564 1894 designetur,
596 1813 658 1873 iam
686 1813 749 1883 alio
775 1813 848 1874 loco
877 1809 1008 1873 anobis
1029 1819 1172 1870 notatum

130 1927 189 1976 est.
232 1911 508 2008 Quemadmodum
529 1912 627 1996 igitur
648 1915 723 1977 illae
744 1912 936 1976 substantiae
949 1911 1017 1972 sive
1029 1908 1084 1971 illa
1098 1906 1172 1971 sub·

129 2017 212 2078 iacta
225 2013 626 2098 primumouiusounque,
659 2036 753 2097 quam
774 2014 896 2078 animus
917 2011 1053 2091 format,
1086 2009 1173 2093 cogi·

129 2119 257 2201 tationis
279 2114 516 2199 sententiaeque
537 2128 694 2197 occupant
713 2116 839 2195 locum,
869 2114 918 2179 sic
947 2133 1076 2200 quoqne
1097 2108 1173 2174 sub·
1283 2192 1286 2201 .

129 2218 282 2298 stantiva,
313 2214 432 2302 ⁴quibus
453 2215 508 2279 illa
530 2217 768 2300 exprimuntur,
798 2216 832 2278 in
854 2212 1045 2301 quacunque
1075 2234 1174 2285 enum

128 2319 260 2383 tiatione
288 2317 504 2403 principatum
532 2315 694 2396 obtinent,
726 2317 770 2379 ita
799 2329 834 2379 ut
863 2302 918 2379 illa
943 2318 1017 2401 ipsa
1042 2336 1061 2381 s
1086 2315 1175 2379 nulia
1226 2318 1244 2365 '²

128 2421 190 2483 alia
208 2419 370 2504 'pendeant
390 2437 491 2499 voce,
524 2418 649 2503 reliqua
669 2439 750 2482 vero
772 2419 878 2481 omnia
898 2416 939 2480 ab
959 2419 1005 2480 ais
1027 2416 1174 2502 proticis-

130 2533 258 2585 oantur:
289 2541 371 2604 qnae
392 2541 472 2583 vero
494 2520 535 2582 ad
554 2520 733 2584 subiectum
753 2520 977 2586 enuntiationis
995 2518 1174 2605 significan·
1271 2490 1290 2527 ⁸

130 2623 206 2685 dum
227 2621 395 2683 adhibetur
415 2621 606 2684 substantivi
626 2620 748 2701 forma,
772 2640 810 2683 ea
830 2632 1042 2688 nominativus
1064 2622 1173 2706 atpet

129 2723 226 2784 latur.
277 2723 313 2780 ln
334 2740 524 2804 unaquaque
544 2740 622 2805 ergo
644 2723 857 2786 enuntiatione
878 2724 1000 2788 directa
1019 2720 1173 2809 finitaque

130 2821 342 2893 nominativus
364 2833 467 2893 exstet
481 2841 612 2883 necesse
626 2834 689 2900 cst,
712 2821 765 2887 vel
781 2843 896 2886 revera
918 2844 1098 2915 expressus,
1117 2824 1174 2891 vel

130 2925 165 2989 iu
185 2922 286 2995 verbo
308 2923 425 2985 latens:
448 2943 511 2994 neo
530 2944 550 2985 a
569 2943 648 2988 vcro
668 2943 726 2986 nos
747 2922 898 2986 aberrare
918 2926 1097 3010 opinamur,
1119 2925 1173 2989 ad·
1268 2972 1280 2997 ,.

128 3025 302 3104 firmantes,
322 3045 363 3087 ne
385 3045 437 3086 eas
459 3023 589 3108 quidam
609 3024 790 3102 sententias,
812 3045 894 3111 quac
914 3046 978 3112 ope
998 3027 1174 3095 verborum

129 3151 148 3192 a
170 3127 286 3190 Stoicis
313 3126 619 3217 ’παρασυμβὰματα
648 3127 702 3192 vel
727 3127 1089 3221 παρακατηγορὴματα
1116 3131 1173 3195 ad·

128 3229 321 3316 pullatorum
341 3227 495 3292 formatae
515 3243 608 3312 sunt,
633 3230 724 3315 lege,
738 3248 840 3317 ,quam
860 3229 929 3315 ipss
948 3243 1062 3298 natura
1082 3229 1170 3298 ierac

129 3333 275 3412 videtur,
296 3330 413 3394 solutas
435 3350 504 3395 csse
523 3333 569 3417 ²).

131 3471 352 3494 ...μ-..ιιι-

198 3565 230 3633 1)
259 3562 372 3630 „Diem
389 3563 479 3623 Artas
497 3562 548 3618 der
562 3563 767 3639 Yerindcmng
789 3565 840 3621 dor
856 3564 1043 3624 Nennvrdrtos
1059 3566 1172 3621 boisssn

130 3655 234 3721 timus,
262 3671 319 3711 von
336 3655 427 3714 einem
447 3655 642 3711 Latsiniscbeu
659 3657 776 3724 wana,
802 3658 925 3727 ,volabas
950 3659 1047 3729 (nebat
1066 3657 1170 3712 sudem

128 3745 349 3815 Bodeutungon‚
369 3763 392 3801 a.
410 3746 443 3798 B.
462 3748 538 3811 vati)
558 3747 631 3801 auch
650 3747 699 3804 dus
718 3750 856 3816 Ausbiren
874 3747 1027 3812 bedeutot,
1045 3744 1112 3801 vsil
1130 3745 1170 3817 im

129 3830 324 3887 Lutainiscbeu
351 3833 426 3894 disse
445 3834 651 3908 Aendcrungen
676 3837 721 3890 die
740 3837 861 3909 Enduog
879 3835 1049 3914 betreffeu“
1082 3833 1170 3895 Silve-

126 3929 183 3984 stre
200 3926 232 3985 de
251 3925 329 3993 Scep.
347 3943 374 3994 p.
391 3924 450 3983 121.

195 4011 228 4081 2)
244 4013 346 4069 Hamis
363 4013 476 4084 quidam
492 4015 523 4071 in
539 4014 616 4072 libro
634 4019 743 4072 Honos
760 4035 791 4071 or
808 4034 828 4070 n
843 4014 1047 4085 Philosopbicai
1058 4015 1171 4086 inquies

128 4101 295 4181 monog
315 4104 457 4165 vatnam
477 4105 621 4160 omar
639 4109 685 4172 (a.
702 4106 741 4159 11.
761 4105 814 4159 ca.
830 4102 882 4157 1v.
897 4121 925 4175 p.
942 4102 1016 4177 aaa).
1051 4089 1171 4183 „thorp

127 4198 196 4260 ny
219 4187 258 4244 bs
281 4187 426 4267 tanqum
447 4199 609 4271 minuas,
644 4191 754 4265 inquit,
791 4189 886 4250 vbicb
909 4206 977 4267 may
998 4192 1038 4249 bs
1062 4191 1170 4266 perfect
