2616 4814
803 262 815 309 l

153 402 190 497 ti
310 500 313 505 ,
349 435 388 489 ιι.
427 438 466 490 ιιι
482 387 599 490 masin
616 403 738 490 orasses
755 406 867 508 linguae
886 435 1010 509 uagam,

156 573 387 691 analagein.
400 594 577 685 significant
598 619 669 678 res,
699 596 755 660 sed
775 599 1009 694 proprietates,
1030 596 1113 687 quae
1134 623 1203 666 om·

156 698 249 765 nibus
273 701 312 763 ad
335 700 420 768 idem
443 721 541 785 genus
572 700 624 767 vel
646 699 777 762 eandem
799 702 940 789 speeiem
968 703 1205 795 pertinentibus

156 803 254 866 rebus
270 816 343 875 sunt
360 823 555 886 communes.
599 802 723 901 Quodsi
742 802 841 888 igitur
854 801 1002 868 harum
984 827 1094 869 rerum
1111 831 1205 873 unam

51 980 53 985 Ι
158 900 330 967 alteramve
352 905 530 989 designare,
556 896 792 988 adtentiorique
813 894 1061 971 considerationi
1083 910 1204 975 audito·

157 1026 228 1067 rum
258 1020 311 1070 ant
338 1009 496 1071 lectorum
526 1006 669 1076 obiicere
698 1009 865 1089 volumus,
906 1023 981 1075 tune
1011 1033 1086 1075 saue
1113 1014 1205 1076 nobis

72 1115 75 1120 ’
157 1109 259 1174 verbo
288 1132 368 1194 opus
397 1124 461 1191 est,
495 1098 586 1197 quod
613 1110 733 1172 nomini
761 1110 972 1196 adpellativo,
1005 1113 1045 1177 ad
1074 1136 1141 1178 rem
1164 1107 1204 1179 eo

156 1210 363 1295 significatam
386 1236 403 1274 a
425 1212 702 1307 ceteriseiusdem
727 1214 854 1296 generis
876 1214 929 1279 vel
952 1217 1074 1300 speciei
1095 1218 1204 1307 distin·
1253 1289 1257 1298 Ι

154 1398 283 1497 ¹finitus,
317 1420 476 1487 utriusvis
504 1420 535 1480 in
558 1439 598 1481 eo
628 1418 777 1499 sinent,
807 1433 844 1484 ut
871 1421 912 1485 de
934 1423 1107 1488 innumeris
1130 1426 1205 1507 illis,

159 1543 240 1608 qnae
260 1522 345 1584 idem
366 1543 465 1607 genus
487 1523 540 1585 vel
570 1522 682 1584 eadem
703 1521 827 1609 speeies
848 1526 1089 1609 complectitur,
1123 1529 1205 1592 indi-

157 1625 281 1704 viduis,
310 1626 489 1723 quibusque
509 1624 642 1709 singulis
663 1625 770 1694 multis
791 1625 832 1690 de
854 1629 975 1709 causis,
1005 1644 1038 1695 et
1057 1654 1206 1717 praeser-

157 1729 215 1793 tim
237 1729 328 1808 ideo,
355 1728 427 1825 quia
450 1742 525 1791 tune
546 1729 610 1790 vita
631 1727 766 1793 humana
787 1751 829 1795 ne
848 1732 904 1794 uni
925 1732 1055 1819 quidem
1077 1734 1204 1851 linguae

158 1830 347 1895 ediscendae
368 1828 566 1907 suffecisset,
598 1829 769 1924 proprium
789 1853 853 1895 non
873 1835 981 1919 potuit
1002 1835 1127 1921 imponi
1147 1858 1204 1900 no·

157 1954 253 2017 men,
280 1935 330 2014 id,
359 1926 401 1996 de'
421 1953 485 2018 quo
507 1930 688 2016 loquimur,
717 1932 837 2000 indicet
859 1934 1066 2029 designetque
1080 1939 1111 2019 ¹)
1160 1941 1205 2007 At

157 2054 237 2099 vero
259 2034 321 2109 ism
344 2035 552 2112 ostendimus,
573 2033 700 2116 regulas
721 2033 814 2115 illas,
836 2058 917 2123 quse
937 2036 1062 2108 nobis
1052 2059 1084 2099 sn
1100 2058 1204 2122 gram·

151 2108 279 2201 anaticis
300 2134 532 2223 philosophicis
554 2134 784 2232 traduntur,
774 2159 808 2209 ιιι
829 2139 961 2223 singulis
991 2158 1055 2204 non
1076 2161 1205 2227 semper

158 2238 324 2304 observari
345 2239 478 2323 linguis,
509 2226 567 2300 sed
586 2239 694 2323 potius
715 2261 872 2335 persaepe
893 2241 1031 2325 negligi,
1062 2242 1094 2303 id
1116 2243 1204 2328 quod

66 2340 69 2355 '
158 2364 199 2410 eo
219 2346 323 2410 minus
352 2343 385 2407 in
406 2340 531 2406 articuli
559 2364 620 2405 usu
647 2344 827 2417 mirandum
849 2356 913 2424 est,
946 2365 1044 2428 quum
1074 2343 1143 2428 ipse
1170 2346 1204 2410 in

158 2447 246 2511 nulla
266 2447 393 2532 lingua,
414 2460 565 2533 quantum
587 2445 680 2511 nobis
703 2447 833 2534 quidem
853 2447 1013 2511 coniicere
1029 2447 1121 2530 lieet,
1142 2462 1203 2514 sta·

158 2550 217 2612 tim
246 2549 285 2611 ab
308 2549 398 2612 initio
427 2548 601 2637 exstiterit,
634 2549 692 2615 sed
722 2548 874 2634 paulatim
900 2550 1138 2632 tantummodo,
1170 2566 1205 2620 et

109 2714 115 2727 s
158 2652 275 2737 linguis
297 2653 336 2714 sd
357 2649 591 2737 perfectionem
612 2651 910 2740 absolutionemque
923 2653 1023 2744 magis
1039 2655 1203 2747 magisque

166 2783 385 2809 μ’

167 2849 172 2861 ’
226 2857 258 2924 1)
284 2855 456 2926 Magnopcre
478 2854 568 2926 igitur
585 2853 614 2907 in
630 2852 751 2909 articulo
771 2852 927 2910 deliniendo
950 2869 983 2908 ex
1001 2863 1083 2927 parte
1100 2860 1204 2915 saltem

159 2952 237 3002 errat
256 2944 406 3017 rhium·
424 2943 643 3011 Maleuentum,
669 2944 719 3014 qni
744 2944 883 3011 (Granum
902 2944 1001 2996 Graec.
1029 2945 1104 3014 Lips.
1124 2945 1202 2999 1580.

156 3071 186 3124 p.
203 3050 238 3106 28
249 3055 303 3121 sq.)
320 3052 354 3104 de
368 3050 429 3122 ipso
445 3052 515 3104 haec
534 3049 636 3104 tradita
656 3028 823 3122 ,J'Apfipcv
844 3045 945 3100 Graeci
961 3046 999 3099 ab
1017 3032 1132 3120 ἄρτᾶω
1154 3048 1203 3100 de-

158 3136 270 3207 riserit,
289 3148 404 3196 anctore
422 3134 774 3205 Menuclehlosclsopnlo‚
796 3135 870 3203 qnod
889 3133 1094 3188 honorationis
1113 3152 1204 3191 mem-

158 3231 212 3284 lsra
229 3231 416 3297 cohaereant,
443 3231 587 3285 nominum
605 3242 686 3280 casus
703 3241 739 3279 sc
758 3239 862 3295 genera
880 3222 1111 3278 internoscantur.
1146 3226 1203 3280 Mt-

157 3325 227 3375 nnta
244 3321 378 3377 sermonis
396 3319 553 3390 particula,
573 3316 624 3370 scd
641 3331 725 3384 quam
743 3313 768 3368 si
785 3314 888 3377 tollas,
906 3312 979 3367 nihil
996 3318 1112 3404 aptum,
1130 3315 1203 3371 nihil

157 3410 318 3482 integrum,
344 3410 416 3469 nillil
432 3408 545 3464 sonabis
565 3407 682 3459 decens.
715 3403 757 3457 Ut
774 3401 849 3455 enim
869 3402 984 3457 articuli
1009 3394 1203 3464 membrorum

107 3525 111 3531 ·
158 3499 321 3563 concinnant
347 3498 469 3570 corporis
495 3496 617 3559 molem3
654 3492 696 3549 tts
719 3490 764 3552 liis
791 3489 921 3551 articulis
945 3492 1080 3555 orationis
1105 3505 1203 3563 partes

158 3588 364 3643 discriminatos
384 3574 595 3655 compingimus.
637 3580 756 3650 Ignorat
781 3579 933 3635 articulum
953 3581 1063 3643 omniuo
1086 3580 1203 3635 Latinus

157 3693 268 3741 ιοιιιιο,
296 3693 383 3746 quare
410 3671 518 3727 Latinis
543 3667 660 3722 vocibus
687 3667 767 3721 reddi
785 3675 835 3724 ant
855 3669 965 3740 exponi,
979 3668 1086 3738 nequit.
1128 3671 1204 3725 Nam

156 3766 233 3834 qnod
259 3760 444 3823 Grammatioi
475 3757 618 3812 nominum
645 3757 871 3835 declinandorum
898 3757 1009 3814 casibus
1036 3757 1203 3814 addiderunt

157 3857 221 3919 tic,
241 3856 324 3917 haec,
344 3854 413 3916 hoc,
437 3848 554 3909 docendi
571 3847 665 3920 grstia
681 3850 792 3916 locens,
811 3864 866 3909 nou
885 3849 960 3917 quod
973 3864 1066 3925 sermo
1086 3848 1202 3903 Latius·

157 3945 209 3998 hos
227 3945 346 3997 haberet
364 3941 507 4001 articulos.
543 3939 726 3994 Germanicus
742 3958 835 4002 sermo
852 3940 941 3999 habet
957 3939 1126 4004 articulum,
1151 3956 1203 3995 nec

159 4033 261 4095 Graeci
278 4029 392 4087 articuli
415 4031 474 4086 vim
493 4036 590 4085 exacte
607 4029 790 4103 cognoveris,
816 4029 922 4082 nisiex
941 4028 1108 4083 Germanico
1129 4027 1202 4083 idio-

156 4129 250 4177 mate.
279 4120 334 4181 etsi
351 4138 444 4201 aeque
466 4122 520 4177 hoc
542 4120 643 4183 Graeci
668 4119 783 4186 articuli
800 4118 1004 4201 proprietatem
1022 4137 1137 4193 prorsus
1156 4137 1203 4185 er·

156 4207 285 4287 prinnit‘t
