2616 4814
154 381 207 479 iss
347 419 428 477 vm.
451 374 501 476 ¹oe
518 420 689 477 mannent
706 421 782 485 ιιιιι
797 427 873 496 apua
890 421 1002 477 susm·

153 610 236 674 qua,
257 586 394 675 quaein
414 587 560 650 notiones
581 585 689 650 verbis
712 607 876 671 expressas
898 566 1028 676 cadant,
1053 586 1116 650 illis
1137 607 1193 648 no·

156 702 265 753 tentor
286 690 563 775 designenturque.
606 692 640 751 ln
662 690 746 774 ipsas
769 688 867 774 igitur
887 702 1011 752 nostras
1032 688 1196 772 cogitatio·
1220 738 1223 743 .

158 811 233 869 nes,
265 791 297 852 in
325 791 486 871 diversas,
519 813 596 878 quas
612 792 659 855 in
687 793 849 856 sententiis
876 805 909 856 et
929 790 1197 854 enuntiationibus

160 888 394 956 conformandis
422 894 605 980 sequimur,
640 895 779 958 rationes
808 895 991 983 inquirere,
1028 906 1123 980 atque
1153 893 1198 956 its

159 995 329 1059 modorum
358 1008 503 1060 naturam
531 997 735 1084 indolemque
762 998 840 1084 quid
868 999 1064 1085 constituat,
1078 1014 1198 1071 ¹eruero

160 1108 255 1181 atquc
278 1098 441 1182 explicare
464 1100 627 1163 debemus.
669 1100 765 1192 Quod
787 1123 884 1189 quum
902 1082 1200 1164 Priscisousintel·

161 1199 294 1282 ligeret,
313 1203 447 1283 modos,
468 1201 719 1285 adfirmabat1),
741 1202 881 1267 diversas
902 1223 972 1266 esse
993 1200 1088 1264 animi
1107 1199 1199 1262 incli-

160 1302 320 1382 nationes,
352 1304 458 1368 vsrios
480 1307 549 1368 eius
576 1304 719 1369 adfectus
745 1305 1011 1384 demonstrantem
1053 1321 1199 1387 veroque

96 1456 100 1467 .
161 1404 316 1488 propiora
344 1406 439 1468 etium
466 1405 522 1469 ills
548 1420 639 1494 sunt,
671 1427 753 1492 quse
772 1408 917 1472 Bauer-us
942 1407 982 1469 sd
997 1404 1122 1468 'sanctii
1141 1404 1201 1467 llli·

106 1518 113 1531 '
162 1524 292 1585 nervam
313 1505 427 1570 adiecit
441 1511 492 1591 2),
525 1511 601 1596 qui,
635 1511 697 1583 sut
716 1510 888 1596 largiamur
908 1509 1055 1592 Sanctio,
1086 1506 1202 1592 inquit,

162 1607 274 1672 modos
294 1629 359 1671 non
379 1610 542 1696 adtingere
564 1612 738 1677 verborum
758 1623 920 1691 naturam,
941 1629 1072 1694 nempe,
1094 1607 1201 1694 quoad
1231 1684 1241 1706 1

164 1710 292 1774 omnino
311 1724 432 1794 notent,
452 1713 574 1800 aliquid
596 1735 655 1793 nos
674 1733 779 1798 agere,
800 1713 921 1799 aliquid
938 1710 1027 1791 fieri3
1049 1732 1111 1797 qua
1124 1729 1201 1772 con·

164 1811 284 1876 ditione
312 1834 373 1878 nec
392 1817 546 1900 temporis
566 1818 627 1883 vei
641 1831 821 1899 temporum
845 1814 1025 1877 discrimina
1054 1810 1201 1875 adiiciant

85 1919 101 1931 ''
164 1915 257 1978 verbi
276 1928 439 1998 naturam3
462 1917 603 1981 conditio
624 1932 729 1981 temen
749 1918 818 2007 ipss
840 1929 873 1980 et
886 1916 968 1980 rstio
985 1915 1067 1978 inest
1082 1915 1202 1994 verbis,

164 2014 198 2076 id
219 2029 285 2094 est,
314 2018 447 2082 cuilibet
468 2022 561 2103 operi
580 2020 634 2084 vel
654 2019 756 2103 iacto,
784 2019 950 2106 (audoni),
975 2030 1012 2081 ut
1031 2017 1143 2102 qnseri
1164 2035 1202 2080 ac

164 2119 283 2204 signari
302 2121 403 2204 possit
430 2141 467 2183 sc
487 2121 619 2201 debeat,
652 2143 715 2207 quo
736 2133 825 2190 uredo
854 2141 906 2185 res
928 2120 979 2205 agi
998 2117 1134 2205 fierique
1155 2117 1202 2180 di·

166 2234 272 2302 catur,
293 2234 401 2302 certo,
422 2221 562 2302 directo,
585 2224 792 2309 simpliciter,
812 2246 851 2287 an
870 2244 944 2286 cum
962 2221 1163 2302 conditione,
1183 2240 1202 2282 u

88 2359 91 2366 .
164 2323 257 2389 nobis
278 2324 355 2407 ipsis
375 2324 539 2408 proxime,
568 2346 606 2387 au
627 2346 687 2409 per
707 2327 821 2406 elium,
847 2339 1013 2410 rogatum,
1037 2324 1202 2402 monitum,

164 2424 286 2487 iussum
302 2422 438 2489 iacere«
481 2426 640 2487 Accurate
661 2428 746 2488 enim
761 2426 866 2489 omnia
880 2426 1114 2490 considerantes
1128 2446 1203 2509 per-

164 2526 421 2613 pendentesque,
450 2526 619 2588 modorum
638 2527 766 2590 nomine
785 2526 864 2590 nibil
883 2526 990 2607 uliud,
1015 2527 1077 2590 uisi
1096 2527 1204 2592 direr-

165 2616 216 2689 ιιι
246 2625 366 2711 aliquid
393 2626 593 2709 enuntiandi,
627 2629 699 2708 rel,
729 2639 775 2703 ut¹
788 2628 989 2713 ¹grummatioi
1018 2630 1204 2716 loquuntur,

166 2728 389 2805 enuntiationis
426 2729 644 2812 praedicatum
675 2728 820 2794 subiecto
856 2729 1078 2795 terminatione
1110 2729 1203 2802 verbi

165 2830 284 2896 mutsts
304 2830 466 2895 tribuendi
485 2832 644 2913 rationes,
664 2831 837 2918 significari
856 2833 1052 2899 inveniemus
1066 2834 1108 2916 ³).

241 2939 330 2999 Haec
356 2936 526 3000 modorum
554 2936 725 3022 explicatio
746 2937 883 3000 sirecte
904 2956 939 2999 se
961 2936 1093 3016 bsbest,
1124 2935 1204 3020 quid

165 3024 209 3102 de
229 3059 342 3103 eorum
362 3059 496 3103 numero
517 3039 718 3104 statuendum
739 3039 799 3120 sit,
823 3038 981 3107 neminem
1001 3036 1114 3122 fogere
1130 3049 1204 3120 pot·
1293 3096 1295 3100 Α

166 3154 224 3206 est.
265 3143 374 3207 Probe
394 3143 480 3208 enim
499 3156 609 3209 monet
629 3144 817 3207 Perizonius
830 3145 882 3223 ⁴),
901 3141 1028 3225 priores
1048 3160 1203 3224 gramma·

165 3243 248 3309 ticos
274 3243 366 3306 illum
392 3245 563 3309 immodice
584 3245 727 3325 auxisse,
759 3243 902 3329 quumvis
922 3241 956 3306 id
976 3261 1038 3304 non
1060 3261 1130 3303 eam
1158 3241 1201 3305 ob

166 3364 293 3408 causam
312 3343 426 3410 iecisse
447 3346 580 3431 potandi
598 3358 687 3425 sunt,
709 3365 804 3430 quam
824 3344 893 3430 ipse
914 3342 1035 3424 adfert,
1054 3342 1128 3405 illos
1148 3343 1202 3405 ad·

165 3445 292 3515 firmans
321 3449 406 3515 ultra
433 3447 691 3515 terminationem
717 3447 933 3517 diversitatem
961 3467 1032 3521 esse
1053 3465 1202 3535 prognes

230 3661 263 3730 1)
280 3680 308 3733 p.
324 3660 379 3717 tls
398 3679 443 3742 sp.
461 3658 577 3727 Poteris

232 3751 266 3821 2)
284 3771 312 3825 p.
328 3752 390 3808 lot„

231 3838 262 3904 d)
279 3840 314 3892 In
332 3840 448 3895 eundem
464 3840 526 3894 lora
542 3838 710 3896 sententium
719 3839 898 3895 nnuman·
916 3837 951 3894 V.
969 3836 1012 3891 lll.
1029 3836 1059 3892 in
1076 3837 1152 3894 libro
1165 3839 1201 3893 ds

124 3924 126 3933 '
165 3925 341 3999 emendent.
360 3945 403 3999 gr.
423 3946 466 4000 gr.
483 3946 511 4000 p.
525 3928 595 3996 2⁰4,
621 3927 722 3998 „llodi
738 3932 822 3997 suut,
847 3925 956 3998 inquit,
975 3925 1078 4007 unibus
1096 3925 1202 3983 indica·

165 4023 229 4081 tnr,
256 4022 353 4071 utrum
370 4017 479 4089 aliquid
490 4006 564 4075 ‘vcro
580 4019 650 4088 nst,
676 4036 713 4077 ιιιι
728 4017 792 4074 ilerl
813 4016 919 4091 pouit,
946 4031 982 4074 sn
1000 4015 1120 4093 denique
1136 4016 1201 4075 sert

164 4108 275 4165 debeat.

229 4199 260 4263 l)
278 4197 315 4254 sd
333 4196 427 4256 suet
442 4199 513 4258 mu.
531 4219 558 4273 p.
573 4200 634 4259 IN.
