2616 4814
202 403 240 463 Μ
354 406 405 465 tv.
437 409 614 481 deperiisse
630 406 759 467 wilhale
777 408 961 483 indolemque
976 384 1085 469 saffo.

204 567 255 637 Of
275 570 320 635 all
347 570 402 637 the
427 594 574 659 passages
599 570 706 641 iahich
732 572 893 661 delighted
917 575 973 639 tho
992 575 1182 653 inhabitent·
1201 572 1244 641 oi

201 672 350 754 Abdera,
381 674 513 761 nothing
532 676 664 743 worked
685 698 775 743 more
795 699 883 764 upon
903 678 990 743 their
1010 674 1238 767 mutuationes,

201 772 274 837 than
298 774 483 853 the„tender
502 776 626 843 stroltes
654 778 837 859 olisatum,
867 778 973 843 which
995 780 1049 845 the
1075 795 1153 866 poet
1172 778 1238 843 had

105 922 108 927 .
200 875 332 940 worked
358 898 402 963 up
429 878 461 941 in
490 878 545 943 the
572 880 711 966 pathetic
731 882 849 968 speech
870 881 910 945 of
926 886 1061 946 Perseus
1092 882 1238 964 (Ibem).

199 978 289 1061 They
309 978 387 1042 both
410 984 587 1045 concurred
618 984 651 1045 in
672 984 755 1047 their
776 1006 921 1051 censores
950 1005 991 1048 on
1015 985 1075 1047 her
1097 983 1240 1047 conduct

199 1084 334 1161 (eaelo.
363 1090 456 1149 Tum.
483 1089 597 1166 Jom).
650 1087 679 1148 lt
704 1085 759 1147 has
786 1085 868 1148 hecn
892 1085 1069 1163 observes,
1103 1084 1171 1149 that
1191 1084 1236 1147 all

195 1204 331 1267 persons
362 1205 417 1247 are
445 1184 584 1249 doomed
615 1198 649 1249 to
671 1186 763 1250 bein
785 1188 859 1251 love
881 1206 963 1253 once
993 1186 1027 1251 in
1046 1187 1130 1252 their
1158 1197 1237 1255 liceo

197 1286 238 1366 (1
243 1289 343 1367 bid).
375 1321 416 1336 -
447 1286 567 1350 Eadem
592 1288 716 1353 ratione
735 1308 864 1373 quoque
882 1272 1018 1361 ‚dicitur't
1050 1290 1121 1353 Tho
1142 1308 1236 1374 gros·

76 1394 84 1405 ’
196 1394 454 1468 υηιίενηαηιίὶημ
474 1387 513 1450 of
528 1387 582 1453 the
604 1391 753 1455 Hellencs
775 1389 870 1453 could
891 1400 949 1455 not
968 1392 1066 1474 easily
1086 1410 1235 1475 compre·

195 1486 279 1551 hend
309 1488 363 1552 the
392 1490 495 1571 utility
518 1490 551 1552 cl
580 1488 658 1553 such
686 1514 725 1554 an
746 1492 910 1577 ingenious
936 1491 1098 1557 invention
1128 1498 1235 1575 (Gil-

195 1598 294 1656 liee’s
312 1600 454 1658 Histor.
481 1599 529 1672 of
546 1598 719 1676 Ore'ece).
749 1630 792 1645 ·-
823 1594 926 1690 Quam
947 1595 1076 1679 quidem
1095 1596 1231 1681 pluralis

194 1693 319 1755 numeri
345 1695 518 1778 usurpandi
544 1694 699 1759 rationem
728 1694 809 1765 tissa
823 1695 997 1781 scriptores
1017 1696 1145 1782 hoglici
1165 1719 1245 1762 non,

194 1816 321 1879 semper
342 1797 443 1860 secuti
463 1797 536 1875 sint,
558 1796 591 1861 id
610 1810 715 1863 tamen
736 1817 793 1859 nos
813 1796 941 1860 minime
962 1796 993 1858 in
1015 1818 1085 1861 eom
1106 1797 1232 1883 opinio·

192 1918 265 1961 nem
285 1898 446 1963 adducere
468 1900 581 1976 debet,
612 1913 649 1963 ut
667 1912 833 1984 putemus,
865 1898 952 1961 illam
973 1920 1099 1984 semper
1127 1900 1232 1965 omitti
1282 1914 1300 2001 Ἰ

191 2021 295 2085 posse.
343 2000 477 2065 Exsistit
502 2022 577 2064 sane
604 2020 837 2086 nonnumquam
863 2000 958 2085 plano
982 2003 1128 2066 diversus
1158 2022 1230 2067 sen·
1283 2062 1288 2069 .

52 2096 68 2117 “’
191 2122 262 2182 sus,
294 2116 392 2187 prout
412 2103 466 2167 vel
488 2103 672 2187 singularis,
703 2103 755 2167 vel
777 2102 910 2187 pluralis
931 2102 1099 2167 adhibetur
1121 2126 1230 2169 nume·

190 2226 263 2281 rus,
298 2206 386 2267 cuius
407 2204 457 2267 rei
479 2225 561 2267 nunc
582 2205 711 2289 quidem
732 2224 828 2267 unum
848 2206 950 2267 solum
972 2206 1152 2290 exemplum
1174 2207 1231 2272 ed·

188 2326 315 2391 ponam.
357 2307 416 2366 His
439 2304 564 2381 verbis,
590 2313 629 2369 ise
647 2315 677 2369 le
698 2314 747 2369 ttae
766 2315 877 2371 author
897 2313 939 2385 of
952 2318 1011 2372 laco
1032 2318 1135 2375 mortes
1154 2316 1198 2391 of
1208 2330 1231 2377 a

138 2412 141 2417 '
188 2430 264 2490 very
284 2411 428 2486 different
447 2415 626 2487 cisoracter,
646 2417 695 2483 et,
715 2415 753 2471 lae
772 2414 802 2473 is
814 2415 863 2473 the
878 2414 989 2473 author
1002 2416 1111 2488 ostreo
1124 2420 1229 2477 ceorles

189 2516 232 2588 of
243 2530 319 2593 very
338 2513 484 2591 differem
509 2516 701 2593 charactere,
734 2505 817 2569 idem
838 2528 946 2571 sensus
973 2504 1101 2595 quidhm
1122 2513 1228 2577 inesse

188 2610 316 2675 videtur
323 2631 333 2689 3
356 2630 429 2671 eum
451 2628 530 2672 vero
552 2608 679 2670 omnino
702 2608 860 2673 diversum
882 2631 967 2691 csse,
987 2612 1166 2677 accuratior
1179 2612 1228 2677 io·

187 2711 354 2797 vestigatio
384 2731 442 2774 nos
471 2712 595 2775 edocet.
647 2714 719 2775 Hoc
746 2710 830 2775 eninr
850 2713 1024 2799 significat,
1054 2716 1226 2797 intereos,

187 2814 228 2879 de
258 2814 372 2899 quibus
393 2835 498 2877 sermo
521 2827 588 2890 est,
619 2810 719 2875 libros
747 2814 832 2898 ipsos
853 2812 1066 2879 differentiam
1090 2816 1228 2881 interce·

186 2917 283 2997 dace;
317 2916 398 2979 illud
418 2929 524 2980 sutem
544 2916 761 2979 tantummodo
782 2928 859 2979 tunc
878 2916 943 2980 dici
963 2928 1085 3000 potest,
1113 2918 1141 2979 si
1161 2919 1228 2982 iam

186 3020 265 3083 alius
287 3020 408 3084 mentio
427 3017 511 3081 facta
532 3031 580 3081 est
600 3018 726 3102 operis,
746 3039 764 3078 c
785 3036 849 3103 quo
870 3016 903 3077 hi
924 3017 999 3078 libri
1020 3016 1182 3079 differunt.

266 3122 364 3218 Quod
391 3122 418 3185 si
449 3123 490 3184 de
511 3120 631 3182 duabus
653 3120 721 3180 sive
740 3117 905 3200 pluribus,
939 3117 979 3178 ad
1000 3118 1132 3181 eandem
1153 3136 1226 3205 spe·

185 3223 268 3287 ciem
288 3222 540 3309 pertinentibus,
562 3232 594 3283 et
610 3217 821 3305 epithetorum
835 3217 1012 3281 adiectione
1030 3219 1225 3303 distinguen-

185 3324 233 3387 dis
256 3324 352 3389 rebus
373 3324 553 3410 loquimur,
573 3322 700 3404 linguae
722 3316 929 3382 Germanicae
951 3320 1073 3384 indoles
1093 3324 1223 3388 omnino

185 3427 272 3506 eius,
294 3449 358 3513 quo
380 3448 432 3489 res
454 3426 509 3489 illa
530 3421 744 3508 significatur,
764 3421 951 3487 substantivi
972 3444 1139 3487 numerum
1160 3425 1224 3489 sin·

183 3530 328 3613 gulanam
348 3527 519 3591 adhibendi
541 3524 760 3589 necessitatem
780 3522 894 3587 adfert.
935 3524 1071 3589 Prorsus
1095 3522 1228 3592 diversa

183 3645 231 3695 est
252 3632 335 3695 ratio
355 3630 482 3714 linguae
503 3627 714 3712 Anglicanaet
757 3627 790 3689 in
810 3648 848 3691 ea
869 3626 953 3711 enim
983 3649 1127 3713 semper,
1160 3629 1224 3693 nisi

182 3752 292 3796 sensns
320 3745 430 3818 aperte
462 3730 656 3794 contrarium
681 3731 837 3815 postulat,
879 3729 1108 3795 substantivum
1141 3730 1223 3795 illaad

182 3834 353 3918 pluraliter
373 3832 518 3898 effertur.
554 3834 675 3897 Dicunt
695 3832 779 3897 enim
801 3830 912 3915 Anglia
935 3828 989 3894 the
1009 3842 1094 3897 most
1111 3852 1222 3899 nume

183 3990 401 4009 w

182 4076 404 4225 maaser&
429 4080 504 4141 laio.
520 4082 570 4151 IV,
586 4080 631 4141 12
665 4078 832 4141 annates
854 4076 1013 4151 dimam
1036 4078 1087 4139 nit
1101 4080 1222 4141 mesu·

182 4175 236 4223 Μ
313 4177 370 4241 μοι
451 4186 454 4191 “
