2616 4814
128 410 182 469 Μ
392 490 398 502 ι
471 414 508 469 X.
543 416 677 487 &empto
692 418 824 489 quaedum

129 586 296 662 reliqum,
319 577 362 641 ita
383 576 511 664 quidem
532 581 657 665 pergit:
692 589 760 658 oon
778 600 815 647 rc
834 590 895 647 ctat
911 586 1033 661 nefarie
1048 576 1166 667 sectati,

130 695 247 764 tantm,
278 691 421 761 quonlam
440 690 475 747 in
494 704 561 748 mco
583 694 706 749 inimico
727 684 937 750 crudelitatem
965 695 1168 766 contremunt

129 796 230 866 tuom,
250 792 377 849 laudare
396 806 460 848 non
475 808 619 869 porcum,
640 797 736 851 tronea·
755 800 837 852 certe
856 810 919 852 non
938 795 1037 852 doben.
1059 822 1102 837 -
1120 788 1166 848 lta

130 883 284 963 Graevius
306 904 324 945 e
344 886 401 947 lde.
422 886 544 949 Erl'urt.
586 889 651 949 Alii
672 888 802 972 legunt:
824 896 924 964 Quom
943 910 1010 953 rem
1030 900 1091 954 etot
1108 912 1165 954 no-

106 996 263 1051 -cormn'o
280 992 394 1065 temti.
419 1024 461 1037 -
486 989 530 1052 At
550 1008 629 1052 vero
650 990 704 1051 vix
726 988 873 1072 adparet,
895 1001 931 1050 ut
952 988 1014 1050 iam
1036 989 1091 1051 alii
1113 990 1166 1050 ad·

128 1100 335 1167 notaverunt,
368 1109 449 1175 qnae
470 1092 639 1155 neceaeiten
660 1089 841 1153 incubuerit
862 1091 894 1152 id
915 1089 1072 1171 faciendi,
1105 1092 1165 1153 nini

128 1188 214 1256 iorte
234 1189 392 1271 dicamus,
420 1193 551 1256 Sextum
571 1193 683 1280 populi
703 1192 920 1255 tumultuantis
942 1192 1059 1255 insania
1081 1210 1165 1255 com·

127 1292 389 1377 polemicum,
420 1305 508 1357 utet
529 1295 664 1359 cadaver
691 1294 825 1359 eliceret
851 1294 1094 1378 ambustumque
1115 1314 1165 1356 re·

127 1396 306 1480 linqueret,
326 1396 380 1457 vel
403 1416 475 1459 eum
497 1398 633 1477 vidisse,
662 1399 718 1483 qni
737 1396 969 1481 rempublicam
990 1396 1077 1458 omni
1098 1414 1164 1457 sce·

127 1498 198 1560 lere
218 1510 380 1575 vexasset,
414 1498 445 1560 ei
472 1518 603 1583 prorant
635 1500 758 1563 honore
785 1500 968 1582 sepulturae
994 1496 1165 1560 carendum

44 1656 47 1661 .
129 1620 209 1662 esse.
250 1602 455 1662 Heumannus
476 1614 599 1679 tamen,
621 1600 723 1664 deleta
736 1602 903 1683 negatione
921 1622 985 1666 non
1004 1610 1076 1663 ante
1089 1622 1165 1683 poa-

127 1722 198 1767 cum
225 1698 310 1763 bunc
331 1722 400 1764 eoae
429 1702 603 1765 verborum
624 1722 757 1765 sensnm·
770 1702 947 1764 contendit:
992 1704 1082 1762 »Non
1109 1720 1166 1783 po·

127 1803 215 1867 tnieti
235 1823 298 1864 non
319 1803 352 1865 id
374 1801 481 1866 lacere
510 1804 543 1865 in
564 1804 622 1865 illo
643 1804 799 1880 tumultu,
832 1822 937 1887 neque
961 1802 1041 1865 adeo
1062 1801 1165 1865 feriati

127 1915 241 1989 cponte
269 1924 307 1965 ac
328 1903 439 1966 libem.
489 1904 580 2000 Quae
607 1917 712 1966 autem
739 1905 918 1967 necessario
941 1902 1093 1981 facimus,
1121 1904 1163 1966 ob

128 2028 164 2071 ca
195 2005 317 2068 laudari
348 2025 411 2067 non
443 2006 591 2068 colemus.
645 2008 768 2075 Verum
799 2006 883 2067 enim
914 2027 993 2068 vero
1024 2007 1100 2090 quin
1130 2019 1166 2068 tu

126 2127 235 2171 meum
255 2106 506 2169 inimicissimum
528 2110 610 2170 ultua
634 2126 688 2184 ce,
721 2107 755 2167 id
776 2105 894 2169 factum
921 2128 983 2170 non
1005 2106 1165 2171 immerito

126 2211 310 2287 laudarem,
332 2223 421 2272 certe
442 2209 558 2272 iniuste
576 2208 734 2289 iacerem,
754 2208 782 2271 ai
795 2208 874 2287 tibi,
895 2208 1014 2271 inimici
1031 2209 1094 2271 mei
1108 2208 1167 2271 ini·

126 2313 231 2390 mico,
251 2310 439 2372 irascerer«
461 2346 503 2359 -
523 2312 614 2398 Hanc
634 2323 739 2374 antem
760 2309 1003 2393 explicationem
1025 2310 1097 2372 duri
1111 2310 1166 2373 ali-

128 2413 204 2498 quid
226 2424 321 2496 atque
348 2413 489 2474 contorti
516 2411 653 2489 habere,
683 2411 753 2495 quin
775 2422 840 2490 ent,
876 2412 1016 2496 quinon
1037 2412 1166 2475 videat?

126 2514 257 2577 Ernenti
278 2532 371 2591 eane,
394 2513 448 2597 qui
468 2513 500 2574 in
523 2512 672 2575 editionis
693 2533 769 2574 auae
788 2525 895 2592 textu,
915 2536 1008 2596 cunm
1025 2538 1093 2580 rem
1109 2525 1169 2581 otei

126 2625 248 2697 nefarie
264 2625 388 2701 fecisti,
408 2617 492 2701 typis
513 2616 649 2701 exprimi
671 2613 812 2693 curavit,
832 2616 989 2701 reliquam
1010 2637 1090 2681 vero
1109 2617 1167 2679 hu·

128 2722 177 2783 ins
197 2718 324 2804 periodi
352 2731 477 2802 partem
503 2718 697 2779 immutatam
717 2718 869 2803 reliquit,
902 2718 934 2780 in
957 2718 1168 2781 adnotatiodi·

127 2822 188 2886 bna
209 2823 315 2884 locum
337 2822 384 2883 nic
412 2818 621 2883 ordinandum
649 2832 744 2904 atque
765 2820 1020 2883 constituendum
1040 2833 1166 2885 censete

127 2933 229 3002 Qum
246 2946 314 2989 rem
333 2932 410 3006 nat,
432 2934 506 3005 quio
524 2931 643 3003 neforto
660 2930 783 3007 (tried,
803 2930 931 2987 muctare
951 2943 1015 2987 non
1026 2945 1168 3006 porrum,

126 3039 246 3111 tamen,
278 3037 422 3107 quoniam
442 3036 476 3090 in
498 3048 564 3090 naen
587 3035 710 3089 trimme
723 3032 944 3088 'crudelitatem
965 3036 1168 3104 enpromatati

129 3142 231 3213 tuom,
251 3136 347 3193 darei
366 3141 449 3193 certe
467 3150 531 3193 non
551 3134 658 3208 dolrem·
679 3142 759 3209 quae
781 3123 909 3206 quidem
929 3124 1028 3186 serien
1049 3127 1166 3188 verbo·

128 3252 202 3293 rum
222 3230 298 3293 licet
311 3229 528 3313 maximopere
542 3224 705 3311 probanda
720 3224 779 3302 nit,
799 3230 905 3287 tamen
921 3224 1054 3288 nimium
1068 3249 1166 3313 quan·

129 3342 198 3393 tum
219 3331 258 3394 ab
281 3352 336 3411 ea,
362 3353 458 3418 quam
478 3332 511 3392 in
532 3326 603 3392 Mna.
626 3327 822 3406 invenimus,
850 3329 992 3409 recedit,
1024 3329 1165 3415 ideoque

129 3434 185 3498 vix
205 3432 398 3497 admittenda
420 3433 556 3495 videtur.
607 3429 724 3493 Omnia
743 3430 838 3514 plnua
862 3428 941 3493 fiunt
968 3445 1064 3515 atquc
1091 3454 1166 3516 per·

130 3535 255 3621 spicue,
275 3534 304 3597 ei
324 3532 446 3597 duntur
467 3533 543 3595 nolin
560 3531 694 3596 vocibus
716 3546 788 3596 cute
810 3544 937 3599 medere
956 3556 1020 3599 non
1038 3552 1167 3616 porrum

129 3638 275 3716 incertis,
296 3635 549 3723 quammultae
570 3633 613 3695 ob
633 3636 829 3718 praecedent
849 3647 910 3701 etot
929 3635 1023 3698 facile
1039 3659 1056 3697 a
1070 3637 1167 3699 libra·

129 3741 180 3803 rio
201 3758 263 3824 pro
284 3737 445 3823 superflua
472 3736 585 3799 haberi
606 3750 700 3822 atque
714 3736 795 3799 inde
816 3738 918 3799 omitti
944 3750 1089 3821 poterat,
1122 3740 1166 3803 ita

129 3843 281 3928 legimur:
309 3850 409 3947 Quom
427 3860 494 3907 rent
513 3844 573 3905 etri
590 3846 711 3918 nefarie
725 3847 846 3924 temti,
875 3853 977 3905 tomen
984 3884 995 3924 ,
1023 3850 1167 3921 quonlam

129 3950 165 4009 in
184 3966 250 4009 meo
269 3938 402 4009 ermen
413 3936 623 4019 medematem
638 3926 841 4035 eupromomi
862 3955 962 4025 tunm,
986 3953 1166 4025 quamvis

132 4056 170 4111 te
188 4052 325 4115 latmo
323 4066 397 4121 non
407 4066 558 4129 potum,
577 4052 674 4113 cocci
691 4056 774 4111 certe
791 4066 856 4109 non
873 4051 973 4109 debeo
