2616 4814
131 421 182 477 21⁰
480 421 515 474 Χ.
551 422 685 492 &crepta
702 420 833 493 qaudam

135 590 188 652 vix
210 587 349 650 dubitari
370 597 495 670 potest3
538 599 572 650 et
601 586 706 649 omnia
727 584 848 668 optime
866 580 1047 669 procedere
1068 580 1176 650 videu-

133 707 206 771 tur,
239 690 265 752 si
285 687 325 757 td
347 698 420 754 illue
441 689 480 751 ad
502 689 667 774 sequentia
688 686 849 751 trabentes
879 684 965 748 bunc
986 684 1032 748 eis
1053 704 1180 748 sensum

134 797 236 855 inesse
258 790 439 854 statuimus:
471 792 536 854 Nos
560 790 695 852 Romani
717 789 757 851 ad
778 809 849 865 eam
868 787 1017 851 miseram
1038 787 1179 849 traduci·
1207 836 1213 851 ,

51 914 53 919 ·
133 917 205 957 mur
225 915 250 954 s.
273 892 449 976 redigimur
469 894 701 971 conditionem,
722 905 779 971 ut,
799 903 967 976 postquam
988 902 1092 952 totum
1113 902 1178 951 ter·

84 1002 87 1007 '
133 1019 241 1060 rarum
263 994 375 1057 orbem
398 1007 525 1057 nostrae
549 994 661 1058 ditioni
683 993 894 1073 subiecimus,
924 993 956 1053 in
980 991 1025 1054 eis
1054 991 1178 1054 volute-

134 1119 205 1160 mur
227 1095 403 1159 sceleribus
425 1108 458 1159 et
478 1093 625 1180 flagitiis,
659 1117 797 1181 quorum
823 1116 864 1157 ne
890 1093 1025 1180 vestigia
1046 1091 1177 1179 quidem

135 1200 219 1283 apud
247 1198 386 1282 populos
416 1198 449 1259 in
478 1210 668 1282 potestatem
697 1212 838 1262 nostram
866 1197 1012 1260 redactos
1044 1206 1177 1257 exstent.

133 1303 271 1362 Possunt
302 1320 381 1363 vcro
413 1299 485 1378 illa,
527 1300 567 1362 de
599 1321 735 1385 quorum
768 1321 863 1363 sensu
893 1299 956 1361 iam
988 1296 1178 1382 disputatur,

94 1450 97 1463 .
135 1401 234 1464 verba
265 1400 360 1463 etiam
382 1420 455 1462 cum
475 1403 622 1465 versibus
649 1403 797 1489 proxime
819 1399 1080 1467 antecedentibus
1103 1419 1178 1462 con·

135 1501 241 1586 iungi,
272 1515 304 1565 et
325 1502 455 1586 quidem
476 1502 537 1581 ita,
557 1516 594 1565 ut
615 1524 671 1584 ea,
701 1526 783 1590 quaa
803 1516 997 1590 sequuntur,
1018 1515 1179 1589 tamquam

136 1603 369 1668 accuratiorem
387 1604 516 1666 illorum
541 1604 785 1688 explicationem
799 1605 891 1667 nobis
907 1603 1087 1668 exhibentia
1103 1624 1179 1667 con·

136 1703 334 1766 siderentur:
365 1705 416 1768 Ad
438 1705 524 1767 illam
545 1708 693 1768 miseram
714 1728 771 1768 nos
793 1706 915 1769 redacti
936 1728 1044 1769 sumus
1069 1707 1178 1770 condi·

136 1803 273 1887 tionem,
305 1819 358 1886 ut,
393 1807 420 1867 si
439 1810 657 1870 Romanorum
681 1808 768 1893 quis,
802 1808 911 1894 quales
941 1829 1025 1870 nunc
1049 1810 1178 1895 quidem

136 1906 184 1967 illi
213 1927 247 1969 se
274 1908 449 1993 praebent,
483 1910 522 1971 ad
554 1909 675 1973 inleros
704 1910 900 1973 descendens
929 1909 968 1971 ad
989 1908 1178 1975 fortissimos

136 2021 262 2070 nostros
284 2010 451 2074 accederet
473 2025 600 2092 atavos,
632 2011 667 2072 hi
688 2010 828 2089 sulfure,
862 2012 961 2075 taedis
993 2025 1026 2074 et
1049 2013 1178 2078 humida

137 2109 230 2171 lauru
253 2126 408 2195 cuperent
430 2114 574 2176 lustrari:
614 2136 686 2176 nam
707 2137 793 2176 arma
815 2113 944 2199 quidem
965 2114 1049 2177 ultra
1068 2116 1179 2180 Iuver-
1240 2142 1244 2153 ·

137 2232 196 2273 nae
223 2215 444 2295 promovimus
476 2215 604 2294 littora3
647 2216 704 2277 sed
732 2234 814 2301 quae
842 2236 925 2279 nunc
953 2215 1070 2300 Populi
1099 2214 1178 2280 liunt

136 2313 269 2376 victoris
292 2315 324 2376 in
347 2316 447 2396 urbe,
476 2338 540 2379 non
562 2317 681 2381 faciunt
703 2317 768 2399 illi,
798 2337 878 2405 quos
900 2315 1044 2382 vicimus.
1087 2317 1177 2409 Quae

137 2415 200 2476 iam
219 2430 396 2500 sequuntur
418 2417 532 2483 verba:

362 2514 368 2525 '
682 2557 723 2569 -
744 2522 787 2583 Et
807 2532 910 2583 tamen
931 2542 1012 2585 unus

261 2622 431 2686 Armenius
453 2623 578 2686 Zalates
598 2624 718 2686 cunctis
739 2636 887 2687 narratur
908 2623 1040 2708 ephebis

261 2725 392 2788 Mollior
412 2726 537 2789 ardenti
558 2745 628 2787 sese
649 2724 817 2788 indulsisse
839 2722 1002 2803 Tribuno'3

137 2839 233 2912 poeta
254 2829 370 2912 procul
393 2827 490 2891 dubio
512 2826 620 2911 fingit,
648 2827 710 2889 sibi
730 2810 907 2916 aquodam
929 2826 1027 2890 obiici
1047 2827 1087 2891 ad
1109 2827 1178 2916 opi·

139 2927 268 2991 aionem
290 2951 379 2992 suam
400 2928 627 3009 refellendam,
649 2931 700 2993 cui
720 2931 788 3015 ipse
809 2929 996 3015 respondet:
1144 2928 1147 2933 ’

263 3031 423 3115 Adspice,
446 3033 523 3119 quid
545 3031 659 3095 faciant
681 3033 887 3097 commercia!

224 3131 278 3194 Sic
299 3132 446 3218 profecto
470 3135 573 3197 omnia
595 3134 716 3217 integra
737 3147 769 3195 et
790 3147 863 3220 apte
884 3133 989 3194 iuncta
1010 3130 1178 3215 videntur3

141 3251 201 3296 nec
222 3247 287 3313 est,
317 3237 403 3322 quod
426 3256 498 3298 cum
518 3236 674 3320 Rupertio
696 3234 735 3302 rb
757 3245 830 3300 illuc
848 3234 964 3300 inillis
983 3218 1179 3317 mutandum,

141 3352 178 3395 ac
199 3333 240 3402 ri
262 3347 454 3437 awannam·
483 3358 542 3424 per
563 3347 643 3401 risui
661 3348 865 3423 exponimur,
894 3346 1078 3404 contumelia
1096 3336 1178 3418 adll-

143 3442 258 3522 umor,
281 3438 503 3525 explicandum
523 3451 681 3524 putemus.

223 3644 260 3726 5)
288 3645 437 3707 Adnotat.
451 3642 490 3705 ad
503 3642 642 3721 eiusdem
656 3644 781 3707 satirici
792 3644 927 3706 Romani
939 3644 993 3722 111,
1011 3644 1051 3714 10
1062 3662 1131 3730 sqq.
1142 3644 1174 3726 ¹)

226 3744 310 3810 »Sed
331 3747 406 3809 dum
426 3759 494 3809 tota
515 3747 626 3809 domus
658 3747 843 3832 (Umbricii,
870 3767 964 3832 quem
985 3746 1098 3807 Cumas
1119 3744 1177 3807 mi·

144 3857 307 3929 gratur-um
335 3848 374 3910 ad
395 3848 532 3934 Egeriae
560 3870 661 3935 usquc
681 3852 797 3917 vallem
824 3846 1046 3931 comitabatur)
1076 3842 1179 3909 rheda
1240 3898 1246 3923 ,

145 3949 346 4031 componitur
364 3972 436 4032 una,

140 4086 359 4107 *un-u—-n-

205 4187 235 4255 ι)
256 4187 317 4245 vn.
336 4189 395 4245 uo.
415 4189 490 4248 aaa:
508 4205 553 4249 aa
571 4152 781 4250 nocuerit.
