2616 4814
462 444 466 453 '
539 464 761 523 assamur
1140 464 1178 525 ss

134 648 193 709 co,
213 627 301 714 quod
321 640 370 693 est
389 628 495 718 νόμοι,
518 644 551 694 ct
570 629 693 694 adiecta
714 648 732 699 'o
755 620 861 719 ὄνομα
875 631 926 712 ²),
944 627 1065 693 dictam
1084 629 1175 693 atri·

133 730 284 811 buendo,
311 732 524 820 quadripes
545 734 673 811 dicunt3
714 728 768 795 vel
788 743 825 793 nt
844 731 899 793 alii
918 752 1054 812 nomen,
1083 730 1175 817 quasi

134 846 304 914 notamen,
329 833 417 919 quod
437 833 500 897 hoc
519 835 647 899 nemim
668 846 813 897 notamus
832 833 1081 921 uniuscuiusque
1100 831 1175 897 sub·

131 935 265 999 eundae
295 935 489 1021 qualitatem.
544 939 587 1001 Et
615 955 814 1000 communem
843 935 972 1020 quidem
1000 955 1175 1021 corporum

132 1037 319 1123 qualitatem
339 1037 554 1118 demonstrat,
574 1051 611 1101 nt
632 1039 742 1119 homo,
760 1037 925 1122 propriam
944 1056 1036 1117 vero,
1054 1037 1176 1106 ntVir·

131 1140 245 1223 gilius,
268 1160 379 1203 rerunt
398 1151 503 1202 autem
524 1151 743 1221 communem,
762 1152 798 1203 ut
818 1139 996 1224 disciplina,
1016 1156 1080 1231 ara,
1098 1158 1175 1223 pro·
1232 1218 1235 1223 Ι

131 1241 254 1326 priam,
285 1254 321 1305 nt
340 1240 549 1305 Aritbmetica
570 1240 771 1320 Nicomachi,
802 1242 1015 1306 Grammatiea
1034 1240 1176 1305 Aristar·

132 1343 215 1406 chia
236 1378 278 1393 -
298 1343 436 1411 Veriora
457 1343 519 1405 iam
541 1344 574 1405 in
595 1343 655 1407 bac
675 1342 810 1407 nominis
831 1343 1043 1428 explicatione
1057 1341 1175 1423 insunt,

132 1466 227 1529 quam
254 1436 287 1507 ia
315 1444 382 1524 eis,
415 1465 498 1530 quae
518 1444 685 1528 Stagirites
711 1444 752 1507 de
773 1445 872 1529 ipsius
892 1458 1005 1508 natura
1025 1443 1175 1524 tradidit3

131 1558 263 1610 atvero
284 1546 318 1607 in
340 1566 380 1609 eo
401 1558 487 1611 errat
508 1547 731 1631 grammaticae
752 1546 808 1609 ille
830 1546 1054 1626 Gamariensia,
1076 1544 1177 1631 quod,

127 1659 167 1710 nt
186 1667 227 1710 ex
248 1647 312 1729 eis,
342 1668 425 1734 quae
445 1649 544 1713 modo
564 1647 717 1734 adpositis
738 1647 920 1733 subiungit,
947 1647 1100 1732 adparet,
1120 1645 1176 1707 ad-

129 1748 247 1815 iectira
268 1770 340 1813 cnm
361 1749 583 1830 substantiale,
604 1770 643 1813 ae
659 1749 687 1813 si
707 1764 843 1834 utraque
859 1749 899 1813 ad
914 1770 1010 1811 nnam
1027 1746 1176 1812 eandem·

130 1842 195 1934 qne
215 1851 370 1914 orationis
391 1863 518 1936 partem
537 1852 755 1936 pertinerent,
785 1851 1007 1936 coniungenda
1027 1869 1097 1913 esse
1117 1848 1177 1911 du·

128 1951 193 2025 nita
215 1964 250 2016 et
269 1952 364 2015 nimis
386 1950 535 2037 ambigua
554 1973 593 2015 ea
614 1973 704 2034 esse,
725 1970 831 2039 neque
853 1952 892 2015 ad
906 1949 1177 2015 substantivorum

128 2066 275 2117 naturam
298 2052 522 2116 declarandam
542 2051 712 2131 sufficere,
742 2073 826 2137 quse
846 2052 887 2114 ad
915 2073 986 2114 eam
1016 2052 1177 2137 explican-

130 2153 204 2217 dam
218 2154 351 2233 adtulit,
372 2173 413 2216 ex
432 2153 471 2216 iis
490 2164 652 2236 patescet,
674 2173 757 2239 quse
774 2164 899 2215 nosmet
913 2152 975 2236 ipsi
992 2154 1026 2214 in
1039 2174 1176 2237 sequena

128 2256 214 2337 tibus
242 2254 456 2341 proferemus.
511 2255 580 2316 Nec
609 2254 744 2338 propius
772 2254 814 2317 ad
841 2274 956 2319 verum
984 2255 1117 2339 accessit
1141 2253 1176 2317 in

128 2357 354 2422 enumerandis
384 2355 549 2421 nominum
570 2350 758 2438 speciebus,
789 2366 824 2418 et
844 2355 1041 2439 exponendis
1061 2376 1176 2420 eorum

131 2460 385 2539 diversitatibus,
415 2478 550 2544 quarum
571 2466 606 2520 et
623 2454 739 2519 multas
760 2456 869 2540 posuit
888 2456 1034 2540 inutiles,
1051 2468 1115 2539 et,
1139 2456 1175 2521 in

131 2563 246 2648 quibus
265 2560 496 2626 constituendis
515 2557 602 2620 band
622 2550 822 2622 aberravit'a
841 2570 952 2640 recto,
977 2579 1042 2647 quo
1063 2558 1176 2625 discri-

130 2665 216 2726 mine
237 2679 293 2726 'eae
315 2662 587 2738 diiudicarentur,
611 2660 772 2739 nonsatis
795 2660 978 2745 explicavit.
1017 2663 1084 2726 Nos
1104 2661 1176 2746 qui·

133 2762 207 2824 dem
226 2763 298 2823 illas
318 2761 373 2824 bio
392 2761 556 2845 adponere
575 2762 840 2845 supersedemus,
868 2783 911 2827 ne
931 2762 971 2827 ab
992 2783 1050 2844 eo,
1076 2783 1174 2849 quem

132 2862 345 2941 instituimus,
366 2881 465 2925 cursu
485 2861 579 2925 nimis
600 2861 805 2945 abripiamur.

212 2962 379 3027 Eiusmodi
399 2961 536 3027 nominis
557 2961 804 3048 explicationes,
827 2964 954 3050 qualem
974 2980 1005 3027 r.
1024 2984 1056 3050 g.
1077 2965 1175 3031 Sauo·

130 3064 194 3129 tius
215 3065 248 3128 in
269 3065 475 3152 grammatice
492 3087 550 3129 sua
570 3066 757 3150 proposuit,
788 3065 846 3129 nbi
867 3069 1032 3149 alimen,
1060 3067 1175 3155 inquit,

130 3179 181 3232 est
199 3179 266 3234 [vox
285 3168 446 3252 particeps
468 3167 594 3231 numeri
615 3168 765 3249 casualis,
786 3188 860 3232 cum
879 3188 1021 3254 genere3
1043 3190 1084 3235 ex
1103 3170 1175 3257 qni·

87 3291 90 3296 ·
130 3271 192 3337 bus
211 3270 402 3336 differentiis
425 3272 530 3351 oritur
552 3270 763 3337 declinatiost
785 3271 902 3357 quibus
923 3273 1053 3337 nonita
1071 3274 1173 3338 multo

131 3384 206 3456 post
226 3373 404 3458 subiungitt
427 3373 608 3439 »dividitur
628 3392 744 3437 nomen
762 3372 795 3435 in
816 3373 1045 3439 substantivum
1065 3388 1098 3438 et
1118 3376 1174 3438 ad·

132 3472 302 3547 iectivumt
343 3474 575 3541 substantivum
594 3488 660 3558 est,
687 3474 775 3560 quod
796 3495 871 3539 cum
890 3495 955 3539 uno
976 3496 1096 3562 genere
1117 3475 1173 3539 de-

133 3575 288 3658 clinatur3
329 3574 522 3642 adiectivum
550 3596 650 3663 genus
669 3596 735 3642 non
753 3572 868 3663 habet,
897 3577 955 3643 aad
974 3575 1173 3641 terminatio·

96 3908 99 3913 -
204 3874 236 3942 1)
261 3861 400 3942 „Nomen
419 3874 474 3932 dici
490 3892 509 3933 a
527 3874 636 3934 Gnaeo
663 3855 770 3951 ὄνομα
794 3891 890 3933 omnes
906 3872 1011 3930 sentire
1029 3874 1173 3937 ridantnra

134 3960 204 4016 mibi
221 3969 317 4019 sutem
335 3981 353 4021 s
368 3982 468 4030 omas,
485 3967 567 4030 nasi,
583 3972 676 4021 omum
684 4002 695 4030 ,
712 3964 850 4030 omines,
867 3978 980 4029 omes,
998 3969 1034 4021 nt
1044 3981 1063 4021 s
1074 3984 1173 4029 moveo,

134 4050 222 4119 ’,Μ’
238 4058 357 4119 muns,
371 4056 519 4120 noum,
534 4072 645 4111 eremesa
684 4052 739 4107 ms
755 4051 831 4107 enim
847 4050 941 4123 imago
960 4053 1097 4123 quaedem
1113 4053 1173 4108 No·

134 4154 212 4207 men,
240 4159 297 4212 qus
314 4142 383 4214 qnid
398 4143 551 4202 noscitur.“
593 4146 676 4203 Haec
693 4140 830 4214 Scaliger
848 4156 877 4196 s.
895 4140 989 4200 Senot
1006 4141 1128 4199 uuas.
1145 4141 1171 4205 1,

135 4224 160 4282 b
177 4245 205 4299 p.
223 4227 266 4285 bb.
285 4231 328 4286 sd.
345 4232 448 4290 Bauer.

918 4321 968 4389 5*
