2616 4814
64 410 114 485 t*
158 422 195 479 56
309 421 360 479 tt.
391 424 432 477 De
445 422 566 491 partium
584 418 712 477 orationis
728 420 815 475 indole
832 426 911 491 atque
927 426 1037 475 natura.

159 586 273 675 linguis
294 589 326 651 in
347 586 469 649 nomina
490 586 629 671 ipsarum
647 574 794 649 translata
816 598 881 665 est,
901 586 945 648 ita
964 597 1016 663 ut,
1037 584 1181 647 omnibus

160 690 356 755 substantivis
375 687 409 751 iu
428 701 494 751 tres
515 690 647 766 classes,
669 707 749 770 quae
769 706 886 771 genera
904 688 1114 767 nominantur,
1135 688 1182 749 di·

124 796 132 809 “
160 791 300 856 atributis
321 788 450 875 (quibus
471 790 503 850 in
523 787 680 850 nonnullis
701 789 814 872 linguis
836 802 945 874 quarta
966 789 1107 869 additur,
1129 809 1183 852 eo·

158 914 229 957 rum
247 892 387 969 seilicet,
418 911 498 974 quae
519 890 690 953 eommunis
710 892 835 975 generis
854 893 958 973 sunt),
985 892 1045 953 aliu
1062 910 1184 954 maseu-

159 994 232 1074 lini,
253 994 313 1055 alia
333 992 491 1069 feminini,
512 992 571 1053 alia
592 992 731 1055 neutrius
751 993 875 1076 generis
893 1013 963 1055 esse
982 993 1125 1055 dieantur
1139 994 1181 1075 ¹).

160 1096 282 1189 Quodsi
308 1095 342 1157 in
363 1094 425 1155 hoc
445 1113 595 1177 generum
616 1093 834 1157 distributione
860 1106 1002 1156 naturam
1020 1094 1182 1157 habuisse-

158 1218 227 1259 mus
247 1196 378 1274 ducem,
410 1196 454 1258 its
480 1209 515 1259 ut
542 1196 657 1281 cuique
684 1196 803 1259 nomini
822 1196 856 1258 id
875 1209 958 1261 esset
979 1196 1183 1281 adsignatum,

159 1300 199 1363 ad
219 1298 305 1384 quod
325 1296 496 1361 substantia
516 1318 555 1361 eo
581 1297 751 1383 significata
771 1297 945 1383 pertineret
975 1302 1054 1383 (quo
1074 1299 1183 1383 Angli·

159 1422 253 1480 cana,
275 1420 354 1485 quas
375 1411 517 1462 naturam
537 1398 606 1463 fere
624 1400 706 1464 inter
728 1420 835 1462 omnes
850 1401 984 1462 maxime
1003 1412 1110 1463 secuta
1125 1413 1191 1480 est,-

159 1502 264 1585 lingna
285 1502 397 1563 ceteris
417 1515 556 1586 praestat
568 1503 621 1584 2),
640 1515 716 1564 tuno
728 1521 812 1580 sune,
832 1502 920 1565 ouius
935 1503 1058 1585 generis
1073 1524 1184 1564 unum-

159 1604 307 1689 quodque
327 1617 408 1667 esset
427 1603 672 1685 substantivum,
704 1624 758 1665 res
783 1603 850 1687 ipsa
870 1603 1067 1667 declarasset.
1121 1608 1184 1667 Na·

157 1718 229 1769 turn
250 1704 463 1787 tantummodo
484 1704 725 1769 substantiarum
738 1704 917 1768 nominibus
930 1703 1183 1789 significatarum,

157 1806 267 1872 suisset
294 1805 509 1891 respicienda3
551 1820 584 1871 et
611 1828 651 1871 ex
678 1807 806 1870 notione
833 1806 961 1892 siugulis
982 1807 1183 1869 substantivis

157 1910 297 1973 subieuta
316 1930 413 1995 genus
435 1910 576 1993 ipsorum
586 1911 807 2019 pependisset.
854 1914 896 1974 At
916 1930 993 1973 vero
1014 1911 1057 1973 ita
1075 1932 1109 1973 se
1129 1931 1182 1973 res

156 2031 221 2075 non
240 2011 344 2075 babet.
376 2008 517 2075 infinitus
539 1988 806 2078 substantivorum
824 2034 972 2076 numerus
992 2013 1026 2075 iu
1045 2034 1183 2097 unaqua-

157 2135 220 2199 que
239 2112 308 2177 l'ere
329 2126 454 2193 esrum,
486 2134 567 2198 quae
593 2116 654 2177 tria
675 2115 836 2179 nominum
864 2128 1036 2198 agnoscunt
1055 2135 1183 2197 genera,

157 2214 333 2299 linguarum
354 2215 528 2294 invenitur,
557 2217 590 2277 in
610 2237 746 2300 quorum
766 2215 906 2279 sublecta
933 2238 1027 2279 sexus
1047 2218 1182 2281 diversi·

156 2330 203 2380 tas
222 2317 350 2378 minime
370 2316 473 2394 eadit,
498 2328 531 2377 et
549 2335 646 2399 quse,
668 2316 809 2398 quamvis
830 2335 867 2377 ea
889 2316 955 2399 ipsa
976 2316 1017 2380 de
1036 2337 1128 2381 eausa
1149 2320 1183 2380 in

157 2438 321 2479 numerum
340 2414 607 2479 substantivorum
626 2416 739 2479 tertiae
755 2415 860 2478 elassis
881 2432 985 2480 essent
1003 2418 1183 2499 referenda,

156 2518 272 2603 partlm
298 2529 401 2580 tumen
427 2513 610 2599 arundini,
647 2516 764 2609 partim
790 2515 933 2583 feminini
961 2521 1084 2603 generis
1111 2535 1184 2587 sunt

156 2662 373 2683 m

222 2762 252 2827 1)
277 2758 396 2819 Nomine
413 2765 530 2827 nmtra,
557 2776 576 2815 s
599 2760 714 2817 Gresuls
737 2762 826 2835 volgo
852 2743 1008 2838 οὐδέτερα
1029 2765 1182 2834 adpellata,

158 2855 326 2927 Protsgorus
346 2840 446 2933 σκεύη
463 2856 618 2913 nominavit
635 2859 684 2925 (et.
702 2856 788 2928 soph.
803 2857 916 2912 Elsnob.
932 2859 995 2923 lt),
1014 2860 1183 2915 Aristoteles

156 2976 223 3015 vero
240 2946 285 3014 soi
304 2943 446 3036 μεταξύ.
469 2986 508 3001 -
533 2942 612 3030 'feei
641 2946 669 3013 δ’
688 2948 781 3037 ἁρχὴ
810 2950 873 3033 τῆς
892 2944 1021 3031 λέξεως
1042 2947 1082 3014 τὸ
1104 2947 1180 3012 Ἑλ·
1207 2988 1212 2999 .

156 3047 316 3145 ληνῖζειν·
348 3049 453 3117 τοῦτο
483 3048 510 3113 δ’
538 3044 602 3129 ἒςὶν
633 3046 664 3115 ἐν
692 3046 802 3113 πέντε.
836 3080 876 3097 -
909 3046 1098 3137 Τέταρτον,
1134 3043 1182 3121 ὡς

155 3148 386 3243 Πρωταγόρας
404 3149 449 3217 τὰ
469 3150 546 3237 γένη
567 3152 634 3216 τῶν
658 3144 829 3233 ὀνομάτων
851 3144 951 3239 διῄρει
970 3142 1099 3239 ἄρῥενα,
1123 3150 1181 3217 καὶ

154 3252 280 3338 θήλεα,
313 3248 368 3315 καὶ
391 3244 510 3339 σκεύη·
548 3248 598 3315 dei
614 3248 679 3338 γὰρ
703 3245 894 3315 ἀποδιδόναι
924 3244 1108 3317 καὶταῦτα
1130 3249 1181 3341 dp·

154 3358 238 3423 θῶς.
273 3366 554 3420 senseramus.
574 3366 676 3419 nun
694 3382 715 3417 a
732 3363 758 3418 s
779 3396 815 3411 .-
839 3346 954 3421 Αὐτῶν
975 3356 1042 3420 τῶν
1064 3351 1181 3441 ὄνομα.

154 3474 221 3517 των
242 3477 286 3519 τα
278 3448 408 3535 μέν’
385 3450 524 3543 eddeva,
553 3479 598 3520 τα
590 3451 655 3519 δὲ
673 3451 803 3547 θήλεα,
832 3480 875 3523 τα
867 3453 933 3521 δὲ
951 3452 1092 3543 μεταξύ.
1138 3469 1180 3524 ln

155 3558 189 3610 do
207 3556 267 3609 Art.
285 3556 364 3609 Post.
381 3572 404 3609 e
422 3557 502 3609 xxt.
519 3556 622 3625 ιι.556.
642 3556 786 3611 αι1.Βιι1ιὶ.

221 3646 287 3714 5,)
288 3644 333 3711 ‚tn
348 3644 398 3700 tbs
415 3644 534 3716 English
551 3652 657 3717 tangus
673 3646 698 3701 it
715 3664 805 3701 seems
822 3663 839 3701 ι
857 3648 971 3718 penerel
988 3648 1052 3701 suls
1070 3649 1180 3719 (except

154 3736 221 3804 only
236 3734 319 3789 vvben
334 3734 473 3807 iniringed
489 3736 531 3815 by
548 3752 566 3791 s
582 3738 674 3807 figura
692 3739 724 3791 ol
737 3737 851 3808 spesob)
870 3737 934 3792 that
953 3754 987 3790 uo
1006 3738 1180 3793 substantivo

154 3823 179 3876 is
195 3823 362 3890 musculiue,
387 3825 441 3881 but
457 3824 535 3880 nnat
554 3826 667 3879 denotes
685 3843 702 3879 ιι
721 3828 792 3880 Mula
809 3826 910 3878 animal
927 3826 1083 3888 substance,
1109 3842 1179 3879 nouo

154 3912 300 3976 feminine,
318 3914 373 3968 tut
387 3894 622 3970 vrbtttdsnotess
638 3916 743 3970 Fessule
760 3916 860 3969 seusu
875 3916 1033 3978 substanses
1050 3916 1103 3969 und
1116 3915 1180 3969 ttnt

154 4002 249 4055 vvbsrs
266 4002 316 4057 tbe
333 4005 481 4059 substance
498 4006 550 4061 itas
566 4025 603 4061 sss
618 4024 681 4071 sss,
696 4007 747 4061 tlte
764 4004 938 4059 substsntive
957 4004 1179 4074 lsslvvoystu-

154 4096 226 4143 ter.“
257 4090 392 4159 Hermes,
409 4109 443 4148 or
459 4111 477 4151 ιι
494 4095 600 4153 Philus.
616 4095 725 4167 lnqnlr.
741 4110 864 4153 mutarn.
882 4094 1010 4153 natvm
1027 4094 1123 4153 Gru.
1139 4095 1178 4167 by

156 4175 181 4231 1.
198 4178 307 4236 lltrris.
324 4180 357 4239 ll·
372 4180 398 4237 Ι.
414 4201 437 4239 o.
454 4185 480 4243 6.
