2616 4814
27 394 31 404 ·
123 452 126 459 ¹
151 430 189 488 di
302 432 357 489 nt
376 434 432 489 ‘iis
446 433 567 503 portiom
583 430 712 488 motionis
727 430 815 488 indole
832 439 912 505 atqua
929 439 1038 490 moro.
1169 441 1172 447 '

231 598 306 687 His,
339 617 419 685 quas
439 596 480 671 ds
509 576 645 664 diiorsis'
669 595 808 683 partium
837 598 987 661 orationis
1014 597 1184 682 generibus

151 698 248 767 modo
268 698 408 786 exposita
428 713 519 780 suut,
547 699 727 786 diligentius
748 700 913 784 expansis,
942 701 1026 785 ipsas
1046 701 1078 762 in
1100 699 1200 763 hunc·

152 803 296 868 ordinem
318 798 465 865 distribui
487 813 582 891 atque
602 800 666 891 hoc
683 802 779 867 modo
801 801 1060 888 dispoui'posss,
1090 799 1185 865 fs‘oiio

31 938 33 946 s
151 905 323 991 adparabit.

186 1009 351 1073 Dictioucs
373 1020 445 1070 sunt
502 1006 507 1015 '

228 1111 325 1175 Lvel
347 1108 550 1195 primarias,'
632 1114 637 1123 '

149 1254 152 1259 -
228 1215 266 1277 11.
287 1213 340 1279 vel
359 1211 572 1282 secundariae.

187 1317 212 1383 I.
232 1317 284 1380 Ad
303 1314 469 1401 primarias
488 1314 650 1399 pertinent

148 1459 154 1471 ·
228 1418 263 1501 1)
286 1437 358 1495 eae,
380 1436 462 1501 quas
483 1415 660 1480 subiectum
678 1415 734 1480 vei
747 1415 950 1481 substantiam
968 1417 1105 1504 aliquam
1121 1418 1183 1504 sig·

308 1518 451 1598 uiiicant,
473 1531 505 1582 et
524 1517 587 1581 huc
608 1515 777 1582 referenda
798 1521 870 1583 sunt

265 1624 309 1705 o)
330 1619 524 1684 substantiva
545 1617 678 1704 propria
699 1619 745 1684 sio
766 1618 861 1699 dicta,

268 1728 308 1807 o)
329 1721 534 1809 pronomina,
557 1741 639 1806 quae
659 1740 771 1785 eorum
791 1723 898 1785 locum
920 1735 1104 1808 occupant.¹

227 1828 262 1911 2)
285 1846 359 1905 eac,
381 1845 462 1910 quae
483 1821 650 1886 adtributis
672 1823 873 1909 designandis
892 1825 1077 1889 inserviunt.
1118 1823 1184 1886 Ad·

211 1980 219 2001 ,
307 1926 502 1991 tributorum
523 1945 605 1989 vero
627 1925 691 1988 duo
712 1938 785 1989 sunt
803 1947 937 2010 genera,
958 1949 1095 2013 quorum

264 2033 306 2116 a)
325 2030 466 2116 primum
487 2048 525 2090 ca
548 2027 807 2111 comprehendit,
828 2049 909 2114 quac
929 2028 1110 2093 substantiis
1128 2029 1183 2093 vel

347 2129 499 2195 subiectis
519 2128 708 2192 inhaerent·
736 2133 825 2192 Haeo
849 2130 977 2214 quidem
998 2131 1149 2195 denotant

307 2235 345 2319 α)
367 2231 541 2308 adiectiva,
563 2230 678 2315 quibus
700 2230 901 2293 adnumerari
919 2246 1054 2315 possunt

332 2336 381 2414 ἀ)
404 2332 560 2396 adiectiva
581 2330 765 2410 numeralia,

346 2435 383 2518 b)
404 2432 593 2517 pronomina
614 2431 779 2515 adiectivs,

278 2530 285 2543 '
345 2544 375 2618 t)
390 2533 579 2619 participia3

305 2638 346 2723 β)
363 2635 476 2731 γονὴ.
708 2707 713 2718 l

265 2745 305 2826 d)
326 2739 506 2804 Secundum
527 2759 633 2827 genus¹
647 2758 726 2823 vero
748 2759 785 2804 cs
803 2741 1043 2829 complectitur,
1065 2741 1180 2827 quibus

252 2902 255 2910 ,
305 2842 366 2907 alia
392 2841 551 2906 ‘adtributa
579 2843 753 2908 accuratius
774 2842 991 2923 definiuntur,
1028 2844 1069 2905 ad
1097 2863 1179 2927 quae

303 2944 373 3032 ipsa
393 2944 490 3029 igitur
510 2943 628 3009 referri
648 2947 774 3010 debant.
830 2948 896 3007 Eae
916 2964 994 3007 vero
1016 2943 1179 3019 dictiones,

304 3066 387 3133 quas
407 3046 487 3111 haec
509 3047 743 3110 adtributornm
763 3046 923 3107 adtributa
942 3031 1102 3124 denotant,
1124 3040 1178 3103 sd-

301 3150 488 3216 verbiorum
508 3149 635 3211 nominc
648 3147 819 3230 'insignitas
841 3157 924 3207 sunt.

179 3252 218 3317 11.
243 3248 294 3336 Ad
315 3251 469 3315 dictiones
490 3247 691 3313 secundarias
710 3246 871 3332 pertinent
976 3250 978 3260 '

220 3355 254 3437 1)
277 3354 438 3428 articulus,

217 3459 253 3538 2)
274 3453 487 3540 praepositio,
519 3463 553 3514 ct

218 3559 254 3638 3)
279 3554 469 3617 coniunctio.

233 3656 291 3716 His
314 3655 441 3739 quidem
462 3655 614 3718 orationis
635 3655 779 3740 partibus
799 3653 891 3717 multi
912 3653 1106 3739 grammatici
1120 3661 1173 3721 hs·

123 3762 327 3828 'mustiones
348 3776 476 3844 quoquo
495 3757 685 3822 adiiciendas
706 3779 775 3823 csse
791 3756 1036 3823 adfirmaverunt
1048 3755 1091 3838 1).
1132 3755 1173 3817 lis

140 3910 357 3931 ἢ

204 4022 235 4089 Ῑ)
253 4020 393 4090 „Veteres
409 4058 444 4073 -
460 4012 650 4101 parisoniodo
669 4034 699 4085 st
710 4027 828 4100 ‚numius
845 4034 875 4084 st
893 4024 1097 4083 convinctior&
1114 4014 1172 4082 t'rs·

137 4110 275 4167 ditarunt
293 4143 328 4156 -
346 4114 502 4172 Paaltsstn
520 4136 538 4173 s
554 4118 729 4191 pbilosophis
745 4151 780 4194 ·.·
796 4127 895 4176 suctus
916 4122 959 4173 ast
976 4134 1122 4172 numerusa
1140 4132 1173 4171 no

135 4199 259 4270 primum
275 4200 515 4263 morum
530 4206 645 4266 autaut
661 4206 1104 4282 sdtssnspsstprsspsnstsassa
1121 4222 1171 4262 us·
