2616 4814
284 422 374 489 ,quoe
391 405 440 459 det
456 403 536 459 Boeb
553 402 687 473 inscripto
704 411 761 471 est,
779 405 972 473 interpretatio.
1108 402 1162 461 lot

118 581 205 651 ἅψῃ
222 573 310 651 eta).
363 568 429 643 Sed
449 589 568 654 quum,
594 581 745 652 utsupra
765 569 964 649 monuimus,
991 567 1097 633 oratio
1118 568 1169 633 di·
1219 581 1226 593 '

122 692 220 737 verso
242 672 339 734 modo
366 691 476 733 rerum
505 683 636 735 naturas
663 670 766 756 possit
793 668 1045 749 accommodari,
1079 669 1168 733 illam

120 773 278 836 rationem
313 773 427 836 ceteris
455 770 700 857 praeferendam
729 786 857 852 censet,
901 791 984 857 quae
1015 787 1168 836 versuum

122 873 288 936 ordinibus
310 894 420 935 rernm
441 887 573 939 naturas
594 875 823 959 convenienter
853 872 1081 937 constituendis
1104 874 1167 936 nti·
1254 863 1260 871 ’

120 973 175 1039 tur
196 978 377 1057 (Wobltout
393 984 520 1060 uestitu,
540 985 713 1057 Bewequnq
733 984 814 1042 stocb
827 979 954 1059 metir),
975 996 1070 1060 quam
1088 994 1166 1059 quo-

123 1098 188 1161 que
209 1077 306 1138 animi
326 1075 504 1141 adfectibus
521 1081 724 1163 motibusque
737 1077 955 1161 exprimendis
972 1076 1167 1160 aptissimam

122 1198 192 1241 esse
214 1177 359 1242 adfirmat
378 1182 460 1261 [zur
475 1187 651 1263 Geepietr'm
665 1190 744 1246 leobr
758 1191 815 1244 aas
829 1188 917 1245 Herz
934 1189 980 1245 sie
994 1187 1062 1247 stat
1077 1182 1167 1262 cus).

122 1280 212 1343 Idem
239 1281 417 1343 accuratius
438 1295 575 1367 quatuor
600 1281 649 1343 illi
670 1282 834 1345 declarent
855 1301 967 1344 versus
996 1283 1059 1360 (So
1087 1288 1167 1346 stirs-

122 1393 186 1448 met
201 1393 269 1447 una
288 1405 323 1448 so
344 1392 398 1448 eilt
417 1395 461 1449 ste
479 1392 567 1449 nicbt
584 1387 667 1449 nur!
686 1385 781 1463 etc),
816 1383 931 1466 quibus
962 1381 1167 1446 obscuritatis

52 1470 87 1559 rit
122 1485 238 1569 procul
261 1484 358 1545 dubio
381 1484 541 1547 tollendae
571 1505 663 1548 causa
682 1484 845 1546 recentior
867 1497 957 1547 aucta
978 1497 1026 1546 est
1048 1483 1167 1549 editior

121 1584 230 1655 Verba
251 1587 353 1666 enim,
383 1593 670 1669 emplirduoysrotte
701 1595 862 1665 Wendunq
891 1594 1003 1652 beseatt
1028 1595 1079 1653 ibr
1107 1596 1168 1654 dan

123 1695 225 1771 Tuos,
249 1698 409 1772 Truqttnq,
429 1700 478 1755 die
497 1700 632 1772 aptista,
659 1690 810 1769 (bertolt)
831 1697 882 1754 ibt·
901 1698 963 1754 ders
982 1696 1083 1773 rma,
1115 1694 1171 1755 At

121 1799 172 1856 ἰὴν
184 1798 300 1855 Gelenle
315 1791 473 1873 (ordines)
490 1799 624 1855 setrrcebt
639 1800 683 1853 im
696 1798 835 1869 Verbum
856 1786 935 1850 baec
953 1789 1051 1872 igitur
1067 1789 1168 1854 verba

123 1891 353 1953 adnumerum
376 1891 569 1973 ordinesque
597 1909 748 1951 versuum
768 1887 939 1951 reserenda
960 1910 1050 1970 esse,
1081 1884 1168 1954 haud

122 2004 189 2073 est,
213 1992 301 2077 quod
321 1991 428 2055 multis
451 1992 713 2053 demonstremus.
1241 2058 1244 2065 Ι

205 2096 351 2156 Primum
372 2084 521 2178 quidem,
543 2093 587 2153 ait
609 2091 725 2152 deinde
746 2103 861 2173 poeta,
882 2112 916 2154 ss
937 2112 1064 2156 omnem
1079 2116 1169 2158 susm
1249 2148 1253 2159 .

122 2218 255 2284 operam
283 2196 374 2279 poesi
403 2214 511 2258 sacrae
539 2213 688 2272 navasse,
720 2213 780 2254 neo
801 2193 885 2254 baud
906 2216 1038 2277 parvam
1064 2198 1168 2260 solum

124 2286 166 2365 ei
188 2321 224 2361 ea
245 2317 283 2360 re
303 2297 430 2359 laudem
451 2317 485 2358 se
506 2316 574 2360 esse
596 2297 763 2379 adeptum,
785 2295 842 2373 sed
863 2296 965 2381 ipsam
979 2319 1109 2385 quoquc
1129 2299 1167 2361 il·

123 2404 185 2465 lius
206 2421 342 2486 poeseos
362 2422 500 2479 urucam,
524 2421 618 2484 quam
640 2422 658 2462 a
679 2413 787 2463 monte
807 2387 918 2487 Sicos,
940 2402 992 2465 oui
1012 2405 1168 2468 Hieroso·

123 2506 215 2591 lymis
235 2503 369 2569 Doridis
391 2503 501 2579 civitas
532 2501 787 2586 imposituram,
819 2512 948 2571 Sionem
967 2505 1176 2591 adpellat1),.

123 2609 248 2691 ipsum,
279 2607 335 2688 qui
356 2608 436 2667 rosis
458 2605 490 2665 in
513 2605 644 2685 regione
670 2606 840 2688 campestri
860 2619 894 2669 et
911 2627 1084 2689 pascuosa,
1113 2609 1185 2672 cui·

125 2727 243 2769 nomen
270 2715 374 2771 sam
388 2706 439 2785 2),
470 2703 551 2765 natis
579 2718 805 2787 coronaretur,
837 2709 997 2770 censuisse
1017 2708 1166 2793 dignums

193 2959 225 3027 1)
249 2957 284 3010 ci.
308 2953 428 3008 Carmen
452 2950 618 3022 inscriptum
640 2953 796 3009 Friederieb
814 2957 862 3011 der
878 2950 995 3029 raiae,
1021 2957 1072 3013 ubi
1094 2958 1166 3014 boec

123 3051 276 3123 legunturs
738 3116 742 3123 Ι
982 3114 985 3123 Ι

191 3136 246 3192 Die
265 3151 331 3188 vom
349 3132 416 3187 Sion
433 3130 522 3185 berab
543 3130 613 3184 Gott
632 3130 685 3185 dan
702 3128 821 3186 Mosaios
840 3130 938 3207 siugt,¹

141 3234 145 3241 “
192 3228 325 3280 Frcmms
346 3222 518 3293 §inperium
539 3219 587 3274 ail‘
604 3220 659 3276 itat
677 3238 713 3276 ru
724 3221 785 3275 'den
804 3222 907 3277 Hdbsn
925 3208 989 3301 bin,

194 3314 250 3370 tro
268 3314 322 3366 ren
338 3298 566 3381 resurgentis,
585 3294 712 3363 nmai-
730 3310 792 3364 non
811 3314 915 3378 aaut,
942 3312 955 3339 =·

261 3404 315 3460 Dis
331 3401 512 3456 Naobsbnrsr
530 3401 583 3455 der
599 3400 731 3456 Gottbsit
746 3400 826 3471 sinii
921 3438 932 3447 .-
978 3428 982 3435 ·

125 3494 161 3553 V.
179 3508 292 3562 quoquo
310 3491 408 3553 Sioua,
427 3488 522 3541 initias

195 3582 274 3636 'l'ins
291 3577 363 3642 mir,
384 3575 540 3631 Hortaris·
558 3575 765 3644 Palmanbains,
783 3630 787 3637 ,
813 3626 818 3633 .
1056 3640 1060 3649 Ι
1103 3636 1107 3643 ,

230 3670 290 3724 Der
307 3664 410 3720 bisdor
432 3662 610 3733 Gespislinn,
631 3664 676 3719 dis
693 3666 890 3748 Darid'sangi
989 3710 1004 3741 .;
1041 3728 1044 3735 ¹

263 3756 302 3809 m
320 3754 423 3808 crhobt
441 3752 601 3824 steigsndcr
618 3753 679 3807 sich
699 3753 780 3827 Sitne¹
799 3756 878 3820 bird,
973 3810 977 3815 ,

299 3842 365 3899 Win
381 3843 428 3896 des
441 3840 553 3911 Qualis,
573 3841 696 3895 walcber
709 3842 757 3897 des
768 3844 843 3925 liuto
858 3842 1004 3913 stampiso
1020 3843 1166 3903 onmcboll.

196 3956 227 4026 2)
254 3957 388 4011 Subiecta
407 3961 468 4010 srst
486 3956 556 4017 baec
574 3953 654 4024 regio
677 3954 767 4009 monti
786 3954 909 4009 Carmeli
927 3957 964 4013 ab
981 3963 1095 4024 ambro,
1107 3968 1110 3973 ·
1121 3976 1167 4011 ro.
1216 3954 1222 3983 ·'

131 4144 262 4197 corausto
279 4138 309 4194 in
325 4135 449 4201 ommim
466 4130 655 4203 siosmomlns
669 4134 803 4207 inrupto
819 4134 867 4193 blo
884 4136 998 4207 §sidem
1016 4138 1126 4195 verbis:

921 4235 963 4300 13
