2616 4814
138 398 192 457 188
414 400 465 457 lx.
502 403 621 459 otiorum
640 402 803 473 Klopstoclrr'i
821 407 902 470 ulica,

139 565 236 630 llores
258 565 434 649 creverint,
456 567 572 655 quibus
593 582 688 655 poeta
708 582 852 654 tempora
873 591 929 634 sna
952 570 1101 635 coronari
1123 591 1193 637 cur

138 670 196 755 pit.
247 670 405 734 Attentius
435 669 564 756 quidem
593 691 707 756 poema
737 674 940 757 perlegentes
973 696 1031 738 nos
1063 674 1177 759 fugere

138 793 202 834 non
222 784 347 855 potest,
378 773 418 835 de
440 793 518 837 vero
540 775 613 838 rivo
632 774 876 860 haudquaquam
906 796 1088 840 sermonem
1109 796 1178 840 essa
1215 836 1219 844 ,

138 895 251 958 possea
284 887 352 937 tum
373 876 458 938 enim
478 877 651 939 sententiae
671 879 760 940 nullo
780 879 876 942 modo
903 880 987 941 inter
1007 899 1042 941 sa
1065 878 1178 943 cohae-

137 990 264 1058 rerent,
286 997 362 1056 nec,
389 977 465 1064 quid
486 977 548 1051 sibi
568 980 707 1043 voluerit
727 994 839 1065 poeta,
862 1002 915 1043 res
934 981 1014 1043 adeo
1036 982 1177 1044 diversas

138 1079 418 1166 discrepantesque
439 1081 521 1143 inter
542 1101 577 1144 se
596 1082 808 1167 coniungens,
837 1085 947 1168 quales
971 1085 1002 1145 in
1024 1083 1087 1146 hoo
1109 1103 1177 1146 car·

137 1183 223 1245 mina
251 1195 372 1246 temere
399 1183 586 1247 riderentur
614 1184 748 1248 collatae
778 1185 1059 1270 compositamque,
1093 1183 1178 1268 quis·

138 1306 233 1370 quam
253 1284 403 1369 prolecto
425 1293 525 1365 essct,
547 1287 635 1350 cuius
657 1306 789 1349 acumen
809 1289 1018 1371 perspiceret.
1070 1287 1177 1349 Alium

130 1372 235 1472 „igitur
255 1387 413 1453 vocabulo
443 1399 530 1453 ricus
558 1389 763 1452 tribuendum
792 1409 861 1452 csse
883 1411 1027 1475 sensum,
1061 1407 1122 1472 per
1143 1407 1177 1450 se

136 1501 241 1573 patet3
271 1510 329 1552 nec
350 1489 514 1573 aequantia
534 1504 681 1554 accurate
702 1492 955 1575 perpendentem
977 1491 1107 1567 latebit,
1134 1490 1177 1552 al-

136 1592 279 1677 legorice
300 1591 334 1653 id
354 1611 424 1654 esse
443 1603 648 1674 usurpatum:
671 1594 826 1678 vocisque
843 1601 961 1674 flumen
980 1591 1111 1677 stropha
1126 1612 1176 1654 se·

40 1726 47 1748 ι
137 1695 240 1758 cunda
262 1692 459 1771 occurrentia
474 1691 607 1755 eandem
622 1712 692 1755 esse
708 1692 883 1773 rationem,
905 1706 1092 1777 argumento
1109 1714 1176 1757 oar·

136 1796 229 1859 minis
251 1795 427 1859 accuratius
449 1793 595 1876 exposito
616 1794 793 1878 adparebit.

43 1928 46 1933 ·
151 1934 153 1938 ι
218 1897 408 1982 Priusquam
435 1916 514 1962 vero
545 1895 585 1958 ad
613 1916 739 1960 carmen
768 1896 934 1960 enodatius
955 1895 1177 1980 explicandum

44 1990 51 1999 ’
127 2000 322 2064 accedentes
353 1998 394 2060 de
421 1999 489 2061 eius
520 2011 707 2082 argumento
737 2019 880 2082 agamus,
914 2019 972 2061 nos
1001 1999 1041 2062 de
1068 1998 1177 2078 rebus,

137 2101 252 2188 quibus
275 2097 355 2163 illud
376 2099 556 2164 continetur
578 2111 674 2186 atque
693 2099 849 2178 innititur,
873 2098 1028 2185 quaedam
1046 2121 1177 2164 monere

135 2223 266 2267 necesse
287 2216 344 2265 eat.
378 2202 604 2286 lllopstoolaius
617 2201 766 2264 nimirum
780 2199 868 2285 pleni
884 2199 1085 2287 perfectique
1100 2221 1179 2288 poa·

26 2380 29 2385 ,
73 2376 80 2383 ,
135 2319 187 2372 tae
207 2305 369 2369 notionem
392 2305 497 2366 animo
519 2304 746 2368 informaverat
768 2304 942 2385 eiusmodi,
963 2318 998 2367 ut
1015 2326 1089 2368 eum
1105 2325 1177 2368 oen·

135 2422 223 2472 seret
243 2428 307 2468 non
328 2405 432 2468 solum
453 2405 562 2469 divino
585 2404 733 2468 adflatum
756 2406 872 2489 spiritu
895 2405 992 2468 rebus
1016 2408 1177 2491 gravibus,

135 2507 310 2594 splendidis
330 2520 425 2592 atque
447 2507 575 2591 ingenio
593 2508 722 2592 poetico
745 2508 849 2592 dignis
870 2508 1032 2572 abundare
1048 2509 1177 2588 debere,

20 2604 32 2678 ,¹
136 2611 193 2675 sed
215 2608 308 2672 etiam
329 2607 385 2670 has
407 2609 490 2692 ipsae
511 2628 563 2671 res
580 2612 780 2695 (Wartsiun,
800 2615 927 2693 Induit)
949 2611 992 2673 ita
1012 2612 1178 2674 enuntiare

137 2727 233 2799 atque
262 2696 401 2792 efferre,
438 2723 474 2774 ut
503 2710 542 2772 ad
571 2731 680 2786 aarum
710 2733 804 2777 sonos
836 2727 1028 2800 naturasque
1065 2734 1186 2780 versut,

135 2817 231 2903 plane
253 2813 483 2877 accommodati
505 2827 611 2877 essent
632 2813 833 2902 lormatique.
875 2817 911 2878 Id
933 2829 1036 2878 autem
1056 2816 1178 2900 duplici

136 2919 208 2984 fieri
229 2918 370 2981 ratione:
403 2916 544 2999 primum
565 2917 593 2979 si
611 2917 767 2980 eiusmodi
789 2917 887 2982 verba
910 2919 1120 3007 eligerentur,
1142 2931 1177 2981 ut

135 3021 295 3089 vocalium
315 3019 621 3104 consonantiamque
641 3020 672 3081 in
695 3019 733 3082 iis
751 3019 938 3082 exstantium
953 3019 1177 3084 coniunctione

136 3137 170 3190 et
189 3124 343 3188 varietate
363 3142 473 3184 rerum
493 3120 634 3205 ipsarum
656 3132 766 3180 natura
789 3119 831 3180 ita
854 3107 1110 3202 erprimcretur‚
1141 3136 1177 3186 ut

135 3229 197 3291 hae
219 3224 308 3311 quasi
328 3224 385 3287 sub
404 3244 529 3305 sensum
545 3222 659 3285 cadere
673 3221 858 3285 viderentur
879 3226 1067 3309 (Woltllaut,
1091 3234 1176 3292 Tan.

136 3332 330 3410 ouadrucle),·
374 3326 490 3389 deiude
511 3325 538 3387 si
558 3323 674 3407 partlm
695 3321 886 3404 syllabarum
917 3325 1080 3409 longarum
1102 3327 1175 3391 bre·

94 3445 98 3453 “
136 3431 288 3515 viamque
306 3428 425 3491 variata
448 3426 649 3489 successione
671 3427 864 3506 [Bcweyuuq
885 3436 940 3494 der·
959 3436 1062 3515 Verso,
1085 3440 1175 3497 Zell-
1214 3502 1215 3507 γ

125 3535 329 3615 ‚ausdruck),
351 3530 468 3615 partim
490 3529 650 3613 ipsorum,
674 3526 729 3612 qui
749 3547 861 3591 vorsus
884 3530 1095 3609 constituunt,
1118 3553 1174 3616 pe·

135 3637 212 3700 dum
234 3634 444 3717 ordinumque
463 3629 692 3714 compositione
711 3632 937 3713 [TeucerltaltJ
960 3633 1062 3694 oratio
1075 3632 1173 3698 rebus

135 3741 180 3804 ita
202 3735 513 3815 accommodaretur,
545 3745 581 3796 ut
601 3733 689 3816 ipsae
711 3730 854 3794 sensibus
884 3734 999 3794 nostris
1021 3735 1172 3819 quodam·

33 3894 36 3907 s
135 3843 233 3906 modo
246 3840 489 3904 subiicerentur.
532 3836 606 3926 Quo
621 3833 752 3919 quidam
768 3845 965 3917 quantopere
980 3834 1082 3897 oratio
1100 3836 1172 3898 red-

136 3943 231 4007 datur
250 3941 369 4018 vivida,
390 3939 460 4025 quis
481 3951 540 4020 est,
562 3937 617 4022 qui
637 3954 700 3997 uon
723 3934 900 4017 intelligat?
919 3935 1173 4023 Haudquaquam

135 4059 240 4109 tamen
261 4041 461 4106 credendum.
477 4052 543 4122 est,
563 4038 803 4123 lllopstoclsium
822 4038 855 4099 iu
877 4056 914 4100 ea
934 4036 1031 4103 fuisse
1048 4055 1172 4106 senten·

136 4147 200 4228 tla‚
221 4157 256 4210 ut
276 4156 423 4230 putaret,
441 4157 571 4229 poetam
591 4142 713 4214 debere
732 4142 765 4205 in
785 4141 820 4207 id
841 4141 979 4206 animum
1000 4162 1171 4232 numquam

1056 4311 1070 4351 Ν
