2616 4814
451 439 483 479 ea
497 421 696 494 prolusiom'iet
712 420 769 477 iod.
785 424 843 478 ieet.
1117 400 1186 482 211Ι

128 588 289 673 pendent,
309 589 418 651 sedin
440 609 548 652 omnes
567 587 639 652 iere
659 588 805 653 absolute
825 589 1081 675 positas,‘idqne
1101 584 1175 675 ipsa

127 694 284 777 particula
302 705 453 776 numquid
471 694 610 774 adiecta,
631 716 747 779 quum,
769 707 805 758 ut
826 695 889 757 alio
911 695 973 757 iam
991 688 1169 757 monuimus

128 794 203 857 loeo
219 796 271 877 ¹),
300 797 478 859 sententiae.
497 809 646 880 negantes
667 797 924 881 interrogationis
936 795 1049 871 ¹forma
1071 817 1170 857 enon·

128 895 225 959 tiatae
245 899 346 960 multo
367 898 482 961 fortius
503 919 620 983 negare
641 898 782 979 soleant,
804 921 899 984 quam
921 898 965 977 si,
987 898 1047 960 hae
1068 896 1171 959 forma

130 998 263 1080 omissa,
294 1001 483 1084 simpliciter
502 1014 538 1064 ut
558 1012 707 1084 negantes
734 999 929 1081 efferuntur,
958 1001 991 1061 id
1013 1000 1099 1084 quod
1130 1020 1171 1061 ex

128 1102 334 1185 sequentibus
357 1102 523 1186 adparebit
544 1102 632 1164 loeis.
677 1101 808 1192 »Quidl
828 1101 953 1168 idemne
974 1113 1171 1187 potestesse

129 1202 198 1264 dies
219 1206 360 1288 saepius,
383 1206 438 1289 qui
459 1203 557 1284 semel
578 1203 685 1266 tuitt«
711 1204 776 1267 cic.
800 1205 839 1267 de
857 1205 926 1266 Fin.
949 1204 998 1284 ll,
1017 1206 1076 1283 31,
1098 1207 1170 1274 too.

128 1343 170 1354 --
201 1308 363 1370 »Primum
384 1308 416 1367 in
437 1318 584 1372 nostrane
611 1319 767 1389 potestate
789 1320 855 1386 est,
887 1305 964 1392 qaid
992 1305 1172 1369 memineri-
1251 1314 1254 1319 '

85 1465 92 1473 ,
128 1407 244 1471 must«
267 1409 347 1471 lbid.
368 1411 416 1486 ΙΙ,
437 1415 496 1488 31,
521 1412 590 1480 101.
618 1445 660 1458 -
689 1418 867 1490 »Numquid
884 1409 1081 1493 Pomponius
1102 1408 1171 1470 istis

129 1510 255 1572 audiret
275 1512 415 1591 leviora,
436 1523 528 1595 pater
547 1511 574 1572 si
595 1511 769 1575 viveretis
792 1514 872 1573 Hor.
888 1511 983 1574 Satir.
1001 1512 1027 1591 1,
1045 1508 1079 1588 4,
1100 1513 1170 1581 136

130 1614 201 1677 »De
230 1614 268 1675 iis
298 1625 403 1677 autem
432 1612 552 1691 rebus„
590 1633 672 1697 quae
699 1612 731 1673 in
761 1612 963 1698 philosophis
992 1626 1171 1692 versantur,

129 1725 281 1796 numid
298 1729 361 1795 est,
393 1716 479 1799 quod
503 1715 669 1799 quisquam
691 1714 873 1777 divinorum
899 1728 954 1778 aut
973 1717 1171 1800 respondere

130 1817 250 1895 soleat,
270 1830 324 1879 aut
337 1816 479 1894 consuli,
501 1815 578 1899 quid
593 1814 731 1893 bonum,
752 1816 830 1900 quid
845 1815 981 1895 malum,
1005 1815 1082 1899 quid
1095 1837 1171 1879 neu·

129 1917 260 1981 trum?<‹
283 1917 348 1980 Cic.
373 1917 413 1980 de
434 1916 542 1980 Divin.
564 1917 610 1995 11,
630 1913 661 1986 1.
705 1915 761 1977 sid
781 1928 968 1980 testamento
990 1917 1118 1981 cavebit
1132 1919 1170 2000 is,

130 2021 186 2105 qui
213 2019 305 2084 vobis
339 2019 427 2105 quasi
457 2019 621 2083 oraculum
643 2017 798 2095 ediderit,
827 2017 908 2081 nihil
934 2019 973 2080 ad
994 2040 1052 2083 nos
1071 2022 1183 2107 perti.

129 2144 207 2189 nere
227 2135 301 2206 post
321 2120 504 2186 mortem?«
531 2120 596 2181 Cio.
612 2119 653 2182 de
670 2121 740 2183 Fin.
760 2123 805 2200 11,
827 2125 878 2192 26.
920 2124 1093 2189 »Potestne
1111 2125 1170 2209 igi·

129 2239 182 2288 tur
203 2246 311 2287 earum
332 2244 456 2301 rerum,
486 2243 566 2307 quae
587 2221 666 2284 nihil
686 2223 804 2287 habent
824 2217 974 2304 rationis,
1002 2247 1102 2310 quare
1121 2226 1171 2289 su·

129 2340 220 2390 turae
242 2327 322 2406 sint,
352 2326 416 2387 ulla
441 2345 510 2386 esse
531 2323 740 2408 praesensio?
782 2325 868 2420 Quid
897 2339 944 2388 est
971 2328 1055 2390 enim
1084 2329 1171 2392 aliud

129 2429 216 2507 iors,
237 2429 314 2514 quid
335 2428 480 2506 fortuna,
504 2426 580 2511 quid
598 2445 705 2507 casus,
727 2428 804 2512 quid
821 2441 973 2508 eventus,
994 2429 1055 2491 nisi
1069 2454 1182 2515 quum·

129 2535 176 2596 sio
197 2532 316 2617 aliquid
339 2531 473 2609 cecidit,
505 2530 551 2591 sie
572 2531 696 2609 evenit,
722 2542 759 2591 ut
778 2531 831 2619 vel
854 2552 917 2593 non
939 2532 1054 2596 cadere
1075 2548 1183 2620 atque.

130 2630 345 2710 evenire,'vel
367 2632 460 2693 aliter
481 2631 596 2693 eadere
617 2643 713 2715 atque
734 2633 864 2694 evenire
888 2634 1077 2715 potuerit?«
1105 2638 1171 2701 Cio.

131 2733 172 2796 de
193 2732 300 2797 Divin.
322 2733 369 2810 H,
389 2734 419 2799 6.
451 2767 492 2779 -
521 2731 641 2794 Omnes
661 2729 722 2815 lias¹
738 2732 1003 2815 interrogationes
1024 2738 1057 2797 in
1077 2710 1182 2822 nega:

130 2838 234 2900 tiones
255 2833 371 2897 mutari
391 2853 502 2916 posse,
533 2831 607 2916 quia
628 2832 783 2893 eiusmodi
812 2849 979 2921 versantur
1008 2836 1041 2898 in
1062 2839 1171 2921 rebus,
1277 2842 1286 2863 ³

132 2963 209 3028 quas
230 2939 341 3024 negari
361 2959 490 3001 neeesse
512 2936 572 3013 sit,
600 2934 670 3019 quis
692 2946 758 3013 est,
789 2935 845 3019 qui
865 2956 930 2997 non
949 2922 1081 3001 uideat?
1120 2944 1171 3006 Eo
1251 3016 1256 3027 x

132 3063 278 3130 quoque,
298 3042 358 3103 nisi
372 3061 505 3125 prorsus
521 3038 672 3114 fallimur,
691 3034 896 3098 referendum
910 3050 975 3118 est,
997 3041 1083 3129 quod
1097 3066 1171 3129 par.

130 3148 228 3210 tioula
247 3155 311 3213 nasi
331 3144 370 3206 ad
392 3143 598 3207 vernaculum
619 3150 666 3209 als
686 3137 929 3221 exprimendum
949 3162 1011 3202 non
1029 3158 1104 3226 post
1116 3168 1171 3211 ne.

131 3249 273 3333 gationes
294 3258 433 3325 tantum,
463 3244 574 3307 sedin
596 3240 898 3325 interrogationibus
928 3261 1057 3329 quoque
1083 3250 1174 3314 adhi.

131 3353 235 3414 betur.
286 3346 336 3414 Τὸ
358 3370 434 3413 nune
455 3366 534 3409 vero
557 3346 717 3408 interdum
739 3343 941 3428 simpliciter.
955 3349 1051 3411 modo
1073 3352 1171 3417 inter·

130 3472 266 3535 rogare,
286 3469 325 3511 ex
346 3448 425 3511 loeis
446 3447 578 3531 adparet
598 3448 659 3511 iam
681 3447 886 3531 adponendis.
929 3451 1076 3516 »Panto
1100 3458 1170 3538 Age

130 3553 238 3619 modo.
279 3554 371 3613 Nune
391 3549 450 3613 tibi
471 3548 707 3633 patentiores,
728 3551 801 3634 quia
817 3550 908 3613 istam
926 3551 1026 3615 ducis.
1069 3556 1170 3617 GNA-

131 3657 235 3721 ΤΗΟ.
257 3665 341 3723 Num
362 3672 457 3737 quem
477 3652 606 3714 evocari
627 3650 700 3712 hino
722 3652 770 3712 vis
792 3649 924 3714 foras?«
947 3655 1168 3722 TerentEun.

131 3760 178 3841 Il,
199 3764 236 3837 2,
258 3759 308 3828 52·
330 3792 373 3803 -
392 3764 476 3821 Num
498 3752 553 3837 qui
574 3752 864 3842 numilexeiderunt
878 3752 952 3830 tibi,
973 3750 1061 3831 here,
1074 3736 1181 3839 ‘quod'

132 3861 178 3924 sio
200 3871 317 3921 terram
332 3855 513 3919 obtuerelt
535 3854 638 3914 Plaut.
650 3852 803 3914 Bacchid.
816 3856 871 3932 IV,
888 3853 918 3929 4,
936 3858 984 3922 17.
1006 3891 1047 3902 --
1068 3855 1184 3927 »Nm

129 3962 179 4025 illi
200 3961 353 4023 molestae
374 3957 539 4047 quidpiam
558 3953 619 4021 hae
634 3967 706 4019 sunt
720 3953 868 4038 nuptiae,
888 3967 1023 4039 propter
1036 3956 1169 4029 huiusce

130 4099 348 4121 ...ιι-ιιι...-

197 4187 229 4257 1)
245 4205 273 4243 v.
288 4207 317 4261 p.
333 4187 394 4247 stt.
