<?xml version="1.0" encoding="UTF-8"?>
<!DOCTYPE html PUBLIC "-//W3C//DTD XHTML 1.0 Transitional//EN"
    "http://www.w3.org/TR/xhtml1/DTD/xhtml1-transitional.dtd">
<html xmlns="http://www.w3.org/1999/xhtml" xml:lang="en" lang="en">
 <head>
  <title>
</title>
<meta http-equiv="Content-Type" content="text/html;charset=utf-8" />
  <meta name='ocr-system' content='tesseract 3.04.00' />
  <meta name='ocr-capabilities' content='ocr_page ocr_carea ocr_par ocr_line ocrx_word'/>
</head>
<body>
  <div class='ocr_page' id='page_1' title='image "./carfrchrwagneri00wagngoog_0072.png"; bbox 0 0 2616 4814; ppageno 0'>
   <div class='ocr_carea' id='block_1_1' title="bbox 124 410 1060 484">
    <p class='ocr_par' dir='ltr' id='par_1_1' title="bbox 124 410 1060 484">
     <span class='ocr_line' id='line_1_1' title="bbox 124 410 1060 484; baseline 0.001 -17"><span class='ocrx_word' id='word_1_1' title='bbox 124 467 129 478; x_wconf 81' lang='grc'><strong><em>,</em></strong></span> <span class='ocrx_word' id='word_1_2' title='bbox 172 410 208 467; x_wconf 75' lang='lat' dir='ltr'><strong>dd</strong></span> <span class='ocrx_word' id='word_1_3' title='bbox 320 410 376 468; x_wconf 91' lang='lat'>111.</span> <span class='ocrx_word' id='word_1_4' title='bbox 411 412 451 466; x_wconf 81' lang='lat' dir='ltr'><strong>lle</strong></span> <span class='ocrx_word' id='word_1_5' title='bbox 464 410 585 481; x_wconf 81' lang='lat' dir='ltr'><strong>portiom</strong></span> <span class='ocrx_word' id='word_1_6' title='bbox 601 410 933 484; x_wconf 62' lang='lat' dir='ltr'><strong>memineratque</strong></span> <span class='ocrx_word' id='word_1_7' title='bbox 950 418 1060 469; x_wconf 69' lang='lat' dir='ltr'><strong>muro.</strong></span> 
     </span>
    </p>
   </div>
   <div class='ocr_carea' id='block_1_2' title="bbox 47 574 1257 2623">
    <p class='ocr_par' dir='ltr' id='par_1_2' title="bbox 173 574 1209 663">
     <span class='ocr_line' id='line_1_2' title="bbox 173 574 1209 663; baseline 0.007 -24"><span class='ocrx_word' id='word_1_8' title='bbox 173 595 261 639; x_wconf 88' lang='lat' dir='ltr'><strong>cesse</strong></span> <span class='ocrx_word' id='word_1_9' title='bbox 283 590 349 659; x_wconf 88' lang='lat' dir='ltr'><strong>est,</strong></span> <span class='ocrx_word' id='word_1_10' title='bbox 371 577 457 663; x_wconf 81' lang='lat' dir='ltr'><strong>quod</strong></span> <span class='ocrx_word' id='word_1_11' title='bbox 478 576 518 639; x_wconf 89' lang='lat' dir='ltr'><strong>ad</strong></span> <span class='ocrx_word' id='word_1_12' title='bbox 539 575 638 639; x_wconf 89' lang='lat' dir='ltr'><strong>solam</strong></span> <span class='ocrx_word' id='word_1_13' title='bbox 658 577 823 641; x_wconf 78' lang='lat' dir='ltr'><strong>materiam</strong></span> <span class='ocrx_word' id='word_1_14' title='bbox 842 574 1019 661; x_wconf 81' lang='lat' dir='ltr'><strong>referatur,</strong></span> <span class='ocrx_word' id='word_1_15' title='bbox 1049 594 1101 663; x_wconf 89' lang='lat' dir='ltr'><strong>et,</strong></span> <span class='ocrx_word' id='word_1_16' title='bbox 1121 582 1209 647; x_wconf 87' lang='lat' dir='ltr'><strong>nulla</strong></span> 
     </span>
    </p>

    <p class='ocr_par' dir='ltr' id='par_1_3' title="bbox 60 673 1210 1077">
     <span class='ocr_line' id='line_1_3' title="bbox 60 673 1209 766; baseline 0.006 -28"><span class='ocrx_word' id='word_1_17' title='bbox 60 751 64 765; x_wconf 36' lang='grc' dir='ltr'>Ι</span> <span class='ocrx_word' id='word_1_18' title='bbox 171 678 309 741; x_wconf 85' lang='lat' dir='ltr'><strong>notionis</strong></span> <span class='ocrx_word' id='word_1_19' title='bbox 330 677 521 763; x_wconf 83' lang='lat' dir='ltr'><strong>significatae</strong></span> <span class='ocrx_word' id='word_1_20' title='bbox 541 679 666 741; x_wconf 89' lang='lat' dir='ltr'><strong>ratione</strong></span> <span class='ocrx_word' id='word_1_21' title='bbox 687 679 809 761; x_wconf 86' lang='lat' dir='ltr'><strong>hahita,</strong></span> <span class='ocrx_word' id='word_1_22' title='bbox 830 673 965 763; x_wconf 89' lang='lat' dir='ltr'><strong>syllabas</strong></span> <span class='ocrx_word' id='word_1_23' title='bbox 987 683 1209 766; x_wconf 80' lang='lat' dir='ltr'><strong>coniungendo</strong></span> 
     </span>
     <span class='ocr_line' id='line_1_4' title="bbox 172 779 1210 849; baseline 0.01 -10"><span class='ocrx_word' id='word_1_24' title='bbox 172 779 341 845; x_wconf 88' lang='lat' dir='ltr'><strong>constituat</strong></span> <span class='ocrx_word' id='word_1_25' title='bbox 360 800 483 846; x_wconf 78' lang='lat' dir='ltr'><strong>vocem.</strong></span> <span class='ocrx_word' id='word_1_26' title='bbox 533 779 649 843; x_wconf 89' lang='lat' dir='ltr'><strong>Omnia</strong></span> <span class='ocrx_word' id='word_1_27' title='bbox 670 795 816 846; x_wconf 90' lang='lat' dir='ltr'><strong>accurate</strong></span> <span class='ocrx_word' id='word_1_28' title='bbox 845 784 1083 848; x_wconf 87' lang='lat' dir='ltr'><strong>considerantes</strong></span> <span class='ocrx_word' id='word_1_29' title='bbox 1104 785 1210 849; x_wconf 89' lang='lat' dir='ltr'><strong>solum</strong></span> 
     </span>
     <span class='ocr_line' id='line_1_5' title="bbox 170 882 1209 968; baseline 0.005 -25"><span class='ocrx_word' id='word_1_30' title='bbox 170 893 334 944; x_wconf 83' lang='lat' dir='ltr'><strong>accentum</strong></span> <span class='ocrx_word' id='word_1_31' title='bbox 359 904 385 945; x_wconf 90' lang='lat' dir='ltr'><strong>s.</strong></span> <span class='ocrx_word' id='word_1_32' title='bbox 414 895 559 946; x_wconf 90' lang='lat' dir='ltr'><strong>tenorem</strong></span> <span class='ocrx_word' id='word_1_33' title='bbox 586 882 662 944; x_wconf 90' lang='lat' dir='ltr'><strong>huic</strong></span> <span class='ocrx_word' id='word_1_34' title='bbox 682 883 731 945; x_wconf 85' lang='lat' dir='ltr'><strong>rei</strong></span> <span class='ocrx_word' id='word_1_35' title='bbox 756 884 952 968; x_wconf 86' lang='lat' dir='ltr'><strong>reperiemus</strong></span> <span class='ocrx_word' id='word_1_36' title='bbox 973 885 1209 950; x_wconf 75' lang='lat' dir='ltr'><strong>inservientem.</strong></span> 
     </span>
     <span class='ocr_line' id='line_1_6' title="bbox 171 981 1209 1077; baseline 0.008 -33"><span class='ocrx_word' id='word_1_37' title='bbox 171 981 266 1077; x_wconf 80' lang='lat' dir='ltr'><strong>Quod</strong></span> <span class='ocrx_word' id='word_1_38' title='bbox 298 984 428 1069; x_wconf 83' lang='lat' dir='ltr'><strong>quidem</strong></span> <span class='ocrx_word' id='word_1_39' title='bbox 460 1004 559 1067; x_wconf 89' lang='lat' dir='ltr'><strong>quum</strong></span> <span class='ocrx_word' id='word_1_40' title='bbox 591 982 653 1045; x_wconf 88' lang='lat' dir='ltr'><strong>alio</strong></span> <span class='ocrx_word' id='word_1_41' title='bbox 689 982 763 1047; x_wconf 91' lang='lat' dir='ltr'><strong>loco</strong></span> <span class='ocrx_word' id='word_1_42' title='bbox 794 985 940 1071; x_wconf 86' lang='lat' dir='ltr'><strong>pluribus</strong></span> <span class='ocrx_word' id='word_1_43' title='bbox 971 987 1209 1052; x_wconf 79' lang='lat' dir='ltr'><strong>demonstrare·</strong></span> 
     </span>
    </p>

    <p class='ocr_par' dir='ltr' id='par_1_4' title="bbox 47 1084 1257 1474">
     <span class='ocr_line' id='line_1_7' title="bbox 47 1084 1206 1172; baseline 0.005 -25"><span class='ocrx_word' id='word_1_44' title='bbox 47 1154 50 1161; x_wconf 15' lang='lat' dir='ltr'><strong>y</strong></span> <span class='ocrx_word' id='word_1_45' title='bbox 169 1084 231 1148; x_wconf 90' lang='lat' dir='ltr'><strong>rim</strong></span> <span class='ocrx_word' id='word_1_46' title='bbox 245 1088 294 1168; x_wconf 84' lang='lat'><strong>¹),</strong></span> <span class='ocrx_word' id='word_1_47' title='bbox 326 1107 410 1150; x_wconf 90' lang='lat' dir='ltr'><strong>nunc</strong></span> <span class='ocrx_word' id='word_1_48' title='bbox 438 1086 655 1151; x_wconf 84' lang='lat' dir='ltr'><strong>tantummodo</strong></span> <span class='ocrx_word' id='word_1_49' title='bbox 684 1105 784 1169; x_wconf 87' lang='lat' dir='ltr'><strong>pauoa</strong></span> <span class='ocrx_word' id='word_1_50' title='bbox 810 1085 850 1148; x_wconf 90' lang='lat' dir='ltr'><strong>ad</strong></span> <span class='ocrx_word' id='word_1_51' title='bbox 875 1100 1038 1151; x_wconf 88' lang='lat' dir='ltr'><strong>accentum</strong></span> <span class='ocrx_word' id='word_1_52' title='bbox 1061 1091 1206 1172; x_wconf 80' lang='lat' dir='ltr'><strong>Graecae</strong></span> 
     </span>
     <span class='ocr_line' id='line_1_8' title="bbox 168 1186 1208 1272; baseline 0.004 -24"><span class='ocrx_word' id='word_1_53' title='bbox 168 1187 295 1272; x_wconf 79' lang='lat' dir='ltr'><strong>linguae</strong></span> <span class='ocrx_word' id='word_1_54' title='bbox 321 1187 424 1251; x_wconf 79' lang='lat' dir='ltr'><strong>adhuc</strong></span> <span class='ocrx_word' id='word_1_55' title='bbox 451 1188 642 1271; x_wconf 79' lang='lat' dir='ltr'><strong>spectantia,</strong></span> <span class='ocrx_word' id='word_1_56' title='bbox 672 1198 739 1249; x_wconf 93' lang='lat' dir='ltr'><strong>tum</strong></span> <span class='ocrx_word' id='word_1_57' title='bbox 759 1186 923 1271; x_wconf 82' lang='lat' dir='ltr'><strong>neglecta,</strong></span> <span class='ocrx_word' id='word_1_58' title='bbox 954 1189 1068 1253; x_wconf 89' lang='lat' dir='ltr'><strong>nec-in</strong></span> <span class='ocrx_word' id='word_1_59' title='bbox 1090 1191 1208 1254; x_wconf 88' lang='lat' dir='ltr'><strong>adden·</strong></span> 
     </span>
     <span class='ocr_line' id='line_1_9' title="bbox 168 1288 1257 1378; baseline 0.004 -28"><span class='ocrx_word' id='word_1_60' title='bbox 168 1288 216 1351; x_wconf 91' lang='lat' dir='ltr'><strong>dis</strong></span> <span class='ocrx_word' id='word_1_61' title='bbox 237 1310 302 1352; x_wconf 88' lang='lat' dir='ltr'><strong>non</strong></span> <span class='ocrx_word' id='word_1_62' title='bbox 323 1289 367 1352; x_wconf 90' lang='lat' dir='ltr'><strong>ita</strong></span> <span class='ocrx_word' id='word_1_63' title='bbox 387 1288 514 1373; x_wconf 87' lang='lat' dir='ltr'><strong>pridem</strong></span> <span class='ocrx_word' id='word_1_64' title='bbox 528 1290 560 1372; x_wconf 80' lang='lat'><strong>2)</strong></span> <span class='ocrx_word' id='word_1_65' title='bbox 590 1289 623 1353; x_wconf 90' lang='lat' dir='ltr'><strong>iu</strong></span> <span class='ocrx_word' id='word_1_66' title='bbox 650 1289 754 1353; x_wconf 88' lang='lat' dir='ltr'><strong>lucem</strong></span> <span class='ocrx_word' id='word_1_67' title='bbox 774 1288 867 1355; x_wconf 89' lang='lat' dir='ltr'><strong>editis</strong></span> <span class='ocrx_word' id='word_1_68' title='bbox 887 1291 1048 1378; x_wconf 86' lang='lat' dir='ltr'><strong>exposita,</strong></span> <span class='ocrx_word' id='word_1_69' title='bbox 1078 1290 1133 1361; x_wconf 87' lang='lat' dir='ltr'><strong>hic</strong></span> <span class='ocrx_word' id='word_1_70' title='bbox 1151 1290 1208 1355; x_wconf 88' lang='lat' dir='ltr'><strong>ad·</strong></span> <span class='ocrx_word' id='word_1_71' title='bbox 1252 1289 1257 1297; x_wconf 85' lang='lat'>&#39;</span> 
     </span>
     <span class='ocr_line' id='line_1_10' title="bbox 166 1410 293 1474; baseline -0.008 -21"><span class='ocrx_word' id='word_1_72' title='bbox 166 1410 293 1474; x_wconf 84' lang='lat' dir='ltr'><strong>ponam.</strong></span> 
     </span>
    </p>

    <p class='ocr_par' dir='ltr' id='par_1_5' title="bbox 125 1493 1207 2596">
     <span class='ocr_line' id='line_1_11' title="bbox 125 1493 1207 1585; baseline 0.001 -30"><span class='ocrx_word' id='word_1_73' title='bbox 125 1538 129 1545; x_wconf 84' lang='grc'><strong>-</strong></span> <span class='ocrx_word' id='word_1_74' title='bbox 248 1493 394 1557; x_wconf 88' lang='lat' dir='ltr'><strong>Primum</strong></span> <span class='ocrx_word' id='word_1_75' title='bbox 414 1515 560 1585; x_wconf 88' lang='lat' dir='ltr'><strong>moneam</strong></span> <span class='ocrx_word' id='word_1_76' title='bbox 580 1512 710 1560; x_wconf 87' lang='lat' dir='ltr'><strong>necesse</strong></span> <span class='ocrx_word' id='word_1_77' title='bbox 732 1505 798 1574; x_wconf 88' lang='lat' dir='ltr'><strong>est,</strong></span> <span class='ocrx_word' id='word_1_78' title='bbox 831 1494 920 1580; x_wconf 86' lang='lat' dir='ltr'><strong>quod</strong></span> <span class='ocrx_word' id='word_1_79' title='bbox 940 1495 1070 1585; x_wconf 76' lang='lat' dir='ltr'><strong>quidem</strong></span> <span class='ocrx_word' id='word_1_80' title='bbox 1091 1517 1109 1559; x_wconf 89' lang='lat' dir='ltr'><strong>a</strong></span> <span class='ocrx_word' id='word_1_81' title='bbox 1128 1515 1207 1557; x_wconf 87' lang='lat' dir='ltr'><strong>non·</strong></span> 
     </span>
     <span class='ocr_line' id='line_1_12' title="bbox 166 1594 1205 1684; baseline 0.001 -28"><span class='ocrx_word' id='word_1_82' title='bbox 166 1594 261 1656; x_wconf 87' lang='lat' dir='ltr'><strong>nullis</strong></span> <span class='ocrx_word' id='word_1_83' title='bbox 290 1597 532 1677; x_wconf 78' lang='lat' dir='ltr'><strong>Grammaticis,</strong></span> <span class='ocrx_word' id='word_1_84' title='bbox 565 1597 622 1683; x_wconf 89' lang='lat' dir='ltr'><strong>qui</strong></span> <span class='ocrx_word' id='word_1_85' title='bbox 648 1609 795 1661; x_wconf 90' lang='lat' dir='ltr'><strong>accentus</strong></span> <span class='ocrx_word' id='word_1_86' title='bbox 824 1610 969 1681; x_wconf 70' lang='lat' dir='ltr'><strong>naturum</strong></span> <span class='ocrx_word' id='word_1_87' title='bbox 994 1610 1091 1684; x_wconf 79' lang='lat' dir='ltr'><strong>etque</strong></span> <span class='ocrx_word' id='word_1_88' title='bbox 1112 1597 1205 1658; x_wconf 88' lang='lat' dir='ltr'><strong>indo·</strong></span> 
     </span>
     <span class='ocr_line' id='line_1_13' title="bbox 167 1696 1205 1785; baseline 0 -25"><span class='ocrx_word' id='word_1_89' title='bbox 167 1696 232 1760; x_wconf 89' lang='lat' dir='ltr'><strong>lem</strong></span> <span class='ocrx_word' id='word_1_90' title='bbox 252 1718 317 1763; x_wconf 84' lang='lat' dir='ltr'><strong>nou</strong></span> <span class='ocrx_word' id='word_1_91' title='bbox 336 1699 430 1783; x_wconf 89' lang='lat' dir='ltr'><strong>plane</strong></span> <span class='ocrx_word' id='word_1_92' title='bbox 449 1700 598 1763; x_wconf 88' lang='lat' dir='ltr'><strong>videntur</strong></span> <span class='ocrx_word' id='word_1_93' title='bbox 619 1699 836 1784; x_wconf 75' lang='lat' dir='ltr'><strong>perspexisse,</strong></span> <span class='ocrx_word' id='word_1_94' title='bbox 866 1696 1038 1785; x_wconf 74' lang='lat' dir='ltr'><strong>perperam</strong></span> <span class='ocrx_word' id='word_1_95' title='bbox 1059 1710 1205 1784; x_wconf 79' lang='lat' dir='ltr'><strong>negatur,</strong></span> 
     </span>
     <span class='ocr_line' id='line_1_14' title="bbox 166 1799 1206 1884; baseline 0.002 -23"><span class='ocrx_word' id='word_1_96' title='bbox 166 1821 224 1863; x_wconf 90' lang='lat' dir='ltr'><strong>nos</strong></span> <span class='ocrx_word' id='word_1_97' title='bbox 244 1800 278 1862; x_wconf 90' lang='lat' dir='ltr'><strong>in</strong></span> <span class='ocrx_word' id='word_1_98' title='bbox 298 1799 431 1864; x_wconf 79' lang='lat' dir='ltr'><strong>vocibus</strong></span> <span class='ocrx_word' id='word_1_99' title='bbox 454 1802 597 1864; x_wconf 80' lang='lat' dir='ltr'><strong>Graecae</strong></span> <span class='ocrx_word' id='word_1_100' title='bbox 618 1800 761 1884; x_wconf 74' lang='lat' dir='ltr'><strong>linguae,</strong></span> <span class='ocrx_word' id='word_1_101' title='bbox 792 1802 837 1865; x_wconf 87' lang='lat' dir='ltr'><strong>ita</strong></span> <span class='ocrx_word' id='word_1_102' title='bbox 855 1815 891 1866; x_wconf 89' lang='lat' dir='ltr'><strong>ut</strong></span> <span class='ocrx_word' id='word_1_103' title='bbox 912 1802 1052 1865; x_wconf 90' lang='lat' dir='ltr'><strong>omnium</strong></span> <span class='ocrx_word' id='word_1_104' title='bbox 1073 1802 1206 1864; x_wconf 84' lang='lat' dir='ltr'><strong>aliarum</strong></span> 
     </span>
     <span class='ocr_line' id='line_1_15' title="bbox 166 1898 1205 1989; baseline -0.001 -27"><span class='ocrx_word' id='word_1_105' title='bbox 166 1901 361 1985; x_wconf 81' lang='lat' dir='ltr'><strong>linguarum,</strong></span> <span class='ocrx_word' id='word_1_106' title='bbox 387 1898 629 1986; x_wconf 86' lang='lat' dir='ltr'><strong>pronuntiandis</strong></span> <span class='ocrx_word' id='word_1_107' title='bbox 651 1916 817 1968; x_wconf 90' lang='lat' dir='ltr'><strong>accentum</strong></span> <span class='ocrx_word' id='word_1_108' title='bbox 847 1926 976 1989; x_wconf 78' lang='lat' dir='ltr'><strong>semper</strong></span> <span class='ocrx_word' id='word_1_109' title='bbox 996 1923 1076 1970; x_wconf 88' lang='lat' dir='ltr'><strong>voce</strong></span> <span class='ocrx_word' id='word_1_110' title='bbox 1099 1901 1205 1985; x_wconf 80' lang='lat' dir='ltr'><strong>expri-</strong></span> 
     </span>
     <span class='ocr_line' id='line_1_16' title="bbox 164 2003 1207 2100; baseline 0.003 -35"><span class='ocrx_word' id='word_1_111' title='bbox 164 2024 254 2067; x_wconf 90' lang='lat' dir='ltr'><strong>mere</strong></span> <span class='ocrx_word' id='word_1_112' title='bbox 275 2003 404 2069; x_wconf 84' lang='lat' dir='ltr'><strong>debere.</strong></span> <span class='ocrx_word' id='word_1_113' title='bbox 446 2005 543 2100; x_wconf 75' lang='lat' dir='ltr'><strong>Quod</strong></span> <span class='ocrx_word' id='word_1_114' title='bbox 563 2005 618 2067; x_wconf 90' lang='lat' dir='ltr'><strong>ille</strong></span> <span class='ocrx_word' id='word_1_115' title='bbox 639 2004 821 2089; x_wconf 87' lang='lat' dir='ltr'><strong>saepissime</strong></span> <span class='ocrx_word' id='word_1_116' title='bbox 843 2007 876 2071; x_wconf 90' lang='lat' dir='ltr'><strong>in</strong></span> <span class='ocrx_word' id='word_1_117' title='bbox 896 2006 1043 2089; x_wconf 86' lang='lat' dir='ltr'><strong>syllabis,</strong></span> <span class='ocrx_word' id='word_1_118' title='bbox 1072 2024 1207 2090; x_wconf 87' lang='lat' dir='ltr'><strong>quarum</strong></span> 
     </span>
     <span class='ocr_line' id='line_1_17' title="bbox 164 2104 1205 2192; baseline -0.002 -24"><span class='ocrx_word' id='word_1_119' title='bbox 164 2104 283 2169; x_wconf 82' lang='lat' dir='ltr'><strong>vocalis</strong></span> <span class='ocrx_word' id='word_1_120' title='bbox 306 2118 456 2191; x_wconf 88' lang='lat' dir='ltr'><strong>correpte</strong></span> <span class='ocrx_word' id='word_1_121' title='bbox 476 2104 621 2184; x_wconf 85' lang='lat' dir='ltr'><strong>effertur,</strong></span> <span class='ocrx_word' id='word_1_122' title='bbox 641 2107 766 2192; x_wconf 89' lang='lat' dir='ltr'><strong>positus</strong></span> <span class='ocrx_word' id='word_1_123' title='bbox 788 2120 858 2189; x_wconf 86' lang='lat' dir='ltr'><strong>est,</strong></span> <span class='ocrx_word' id='word_1_124' title='bbox 877 2108 910 2170; x_wconf 93' lang='lat' dir='ltr'><strong>id</strong></span> <span class='ocrx_word' id='word_1_125' title='bbox 932 2129 1007 2172; x_wconf 89' lang='lat' dir='ltr'><strong>sane</strong></span> <span class='ocrx_word' id='word_1_126' title='bbox 1027 2106 1119 2172; x_wconf 92' lang='lat' dir='ltr'><strong>nobis</strong></span> <span class='ocrx_word' id='word_1_127' title='bbox 1136 2104 1205 2168; x_wconf 86' lang='lat' dir='ltr'><strong>nul·</strong></span> 
     </span>
     <span class='ocr_line' id='line_1_18' title="bbox 164 2207 1206 2293; baseline -0.001 -25"><span class='ocrx_word' id='word_1_128' title='bbox 164 2207 227 2271; x_wconf 89' lang='lat' dir='ltr'><strong>lem</strong></span> <span class='ocrx_word' id='word_1_129' title='bbox 247 2207 378 2272; x_wconf 91' lang='lat' dir='ltr'><strong>iniicere</strong></span> <span class='ocrx_word' id='word_1_130' title='bbox 394 2207 496 2271; x_wconf 90' lang='lat' dir='ltr'><strong>debet</strong></span> <span class='ocrx_word' id='word_1_131' title='bbox 516 2208 753 2271; x_wconf 89' lang='lat' dir='ltr'><strong>dubitationem.</strong></span> <span class='ocrx_word' id='word_1_132' title='bbox 795 2212 838 2272; x_wconf 88' lang='lat' dir='ltr'><strong>Et</strong></span> <span class='ocrx_word' id='word_1_133' title='bbox 858 2208 889 2270; x_wconf 93' lang='lat' dir='ltr'><strong>in</strong></span> <span class='ocrx_word' id='word_1_134' title='bbox 902 2208 1077 2293; x_wconf 73' lang='lat' dir='ltr'><strong>Anglicana</strong></span> <span class='ocrx_word' id='word_1_135' title='bbox 1098 2207 1206 2288; x_wconf 79' lang='lat' dir='ltr'><strong>lingua</strong></span> 
     </span>
     <span class='ocr_line' id='line_1_19' title="bbox 164 2307 1205 2393; baseline -0.006 -22"><span class='ocrx_word' id='word_1_136' title='bbox 164 2309 346 2393; x_wconf 85' lang='lat' dir='ltr'><strong>saepissime</strong></span> <span class='ocrx_word' id='word_1_137' title='bbox 368 2328 405 2369; x_wconf 89' lang='lat' dir='ltr'><strong>ea</strong></span> <span class='ocrx_word' id='word_1_138' title='bbox 427 2308 558 2390; x_wconf 81' lang='lat' dir='ltr'><strong>syllaba,</strong></span> <span class='ocrx_word' id='word_1_139' title='bbox 579 2310 667 2373; x_wconf 88' lang='lat' dir='ltr'><strong>cuius</strong></span> <span class='ocrx_word' id='word_1_140' title='bbox 687 2309 807 2372; x_wconf 86' lang='lat' dir='ltr'><strong>vocalis</strong></span> <span class='ocrx_word' id='word_1_141' title='bbox 829 2307 940 2385; x_wconf 78' lang='lat' dir='ltr'><strong>brevi,</strong></span> <span class='ocrx_word' id='word_1_142' title='bbox 961 2321 997 2370; x_wconf 90' lang='lat' dir='ltr'><strong>ut</strong></span> <span class='ocrx_word' id='word_1_143' title='bbox 1017 2308 1205 2390; x_wconf 87' lang='lat' dir='ltr'><strong>loquuntur,</strong></span> 
     </span>
     <span class='ocr_line' id='line_1_20' title="bbox 163 2405 1204 2495; baseline 0.002 -25"><span class='ocrx_word' id='word_1_144' title='bbox 163 2430 241 2471; x_wconf 89' lang='lat' dir='ltr'><strong>sono</strong></span> <span class='ocrx_word' id='word_1_145' title='bbox 262 2407 461 2495; x_wconf 86' lang='lat' dir='ltr'><strong>pronuntiari</strong></span> <span class='ocrx_word' id='word_1_146' title='bbox 482 2407 596 2489; x_wconf 87' lang='lat' dir='ltr'><strong>debet,</strong></span> <span class='ocrx_word' id='word_1_147' title='bbox 626 2423 758 2471; x_wconf 88' lang='lat' dir='ltr'><strong>accentu</strong></span> <span class='ocrx_word' id='word_1_148' title='bbox 779 2419 884 2471; x_wconf 90' lang='lat' dir='ltr'><strong>notata</strong></span> <span class='ocrx_word' id='word_1_149' title='bbox 907 2421 972 2487; x_wconf 91' lang='lat' dir='ltr'><strong>est,</strong></span> <span class='ocrx_word' id='word_1_150' title='bbox 1005 2405 1148 2493; x_wconf 86' lang='lat' dir='ltr'><strong>quamvis</strong></span> <span class='ocrx_word' id='word_1_151' title='bbox 1170 2405 1204 2472; x_wconf 84' lang='lat' dir='ltr'><strong>in</strong></span> 
     </span>
     <span class='ocr_line' id='line_1_21' title="bbox 164 2507 1203 2623; baseline -0.002 -51"><span class='ocrx_word' id='word_1_152' title='bbox 164 2509 275 2572; x_wconf 87' lang='lat' dir='ltr'><strong>eadem</strong></span> <span class='ocrx_word' id='word_1_153' title='bbox 295 2526 376 2573; x_wconf 82' lang='lat' dir='ltr'><strong>voce</strong></span> <span class='ocrx_word' id='word_1_154' title='bbox 395 2508 474 2584; x_wconf 74' lang='lat' dir='ltr'><strong>aliae</strong></span> <span class='ocrx_word' id='word_1_155' title='bbox 496 2522 620 2572; x_wconf 90' lang='lat' dir='ltr'><strong>exstent</strong></span> <span class='ocrx_word' id='word_1_156' title='bbox 639 2508 797 2623; x_wconf 88' lang='lat' dir='ltr'><strong>syllabae,</strong></span> <span class='ocrx_word' id='word_1_157' title='bbox 820 2530 901 2596; x_wconf 88' lang='lat' dir='ltr'><strong>quae</strong></span> <span class='ocrx_word' id='word_1_158' title='bbox 916 2509 1060 2572; x_wconf 87' lang='lat' dir='ltr'><strong>vocalem</strong></span> <span class='ocrx_word' id='word_1_159' title='bbox 1075 2507 1203 2592; x_wconf 85' lang='lat' dir='ltr'><strong>longam</strong></span> 
     </span>
    </p>
   </div>
   <div class='ocr_carea' id='block_1_3' title="bbox 161 2610 1204 2709">
    <p class='ocr_par' dir='ltr' id='par_1_6' title="bbox 161 2610 1204 2709">
     <span class='ocr_line' id='line_1_22' title="bbox 161 2610 1204 2709; baseline 0.005 -26"><span class='ocrx_word' id='word_1_160' title='bbox 161 2618 315 2700; x_wconf 86' lang='lat' dir='ltr'><strong>habeant,</strong></span> <span class='ocrx_word' id='word_1_161' title='bbox 345 2640 372 2683; x_wconf 89' lang='lat' dir='ltr'><strong>e.</strong></span> <span class='ocrx_word' id='word_1_162' title='bbox 392 2638 423 2703; x_wconf 71' lang='lat' dir='ltr'>g</span> <span class='ocrx_word' id='word_1_163' title='bbox 451 2610 630 2709; x_wconf 53' lang='lat' dir='ltr'><strong>lulmdnity,</strong></span> <span class='ocrx_word' id='word_1_164' title='bbox 652 2611 798 2709; x_wconf 62' lang='lat' dir='ltr'><strong>dodam,</strong></span> <span class='ocrx_word' id='word_1_165' title='bbox 820 2609 952 2706; x_wconf 77' lang='lat' dir='ltr'><strong>saepire,</strong></span> <span class='ocrx_word' id='word_1_166' title='bbox 971 2622 1129 2706; x_wconf 69' lang='lat' dir='ltr'><strong>sdcrifire,</strong></span> <span class='ocrx_word' id='word_1_167' title='bbox 1150 2645 1204 2688; x_wconf 56' lang='lat' dir='ltr'><strong>se*</strong></span> 
     </span>
    </p>
   </div>
   <div class='ocr_carea' id='block_1_4' title="bbox 160 2721 1265 3225">
    <p class='ocr_par' dir='ltr' id='par_1_7' title="bbox 160 2721 1265 3225">
     <span class='ocr_line' id='line_1_23' title="bbox 162 2721 1265 2819; baseline 0 -22"><span class='ocrx_word' id='word_1_168' title='bbox 162 2733 299 2816; x_wconf 59' lang='lat' dir='ltr'><strong>meter,</strong></span> <span class='ocrx_word' id='word_1_169' title='bbox 327 2721 543 2818; x_wconf 76' lang='lat' dir='ltr'><strong>tyurdrtstry,</strong></span> <span class='ocrx_word' id='word_1_170' title='bbox 571 2724 766 2819; x_wconf 77' lang='lat' dir='ltr'><strong>oyordptrat,</strong></span> <span class='ocrx_word' id='word_1_171' title='bbox 797 2745 858 2799; x_wconf 88' lang='lat' dir='ltr'><strong>etc</strong></span> <span class='ocrx_word' id='word_1_172' title='bbox 916 2731 1099 2817; x_wconf 88' lang='lat' dir='ltr'><strong>Optandum</strong></span> <span class='ocrx_word' id='word_1_173' title='bbox 1128 2753 1203 2797; x_wconf 88' lang='lat' dir='ltr'><strong>sane</strong></span> <span class='ocrx_word' id='word_1_174' title='bbox 1259 2730 1265 2743; x_wconf 83' lang='lat'><em>&#39;</em></span> 
     </span>
     <span class='ocr_line' id='line_1_24' title="bbox 163 2830 1202 2920; baseline 0.002 -24"><span class='ocrx_word' id='word_1_175' title='bbox 163 2846 262 2911; x_wconf 87' lang='lat' dir='ltr'><strong>esset,</strong></span> <span class='ocrx_word' id='word_1_176' title='bbox 293 2833 472 2914; x_wconf 71' lang='lat' dir='ltr'><strong>nosscire,</strong></span> <span class='ocrx_word' id='word_1_177' title='bbox 504 2857 567 2920; x_wconf 85' lang='lat' dir='ltr'><strong>qua</strong></span> <span class='ocrx_word' id='word_1_178' title='bbox 595 2838 719 2917; x_wconf 86' lang='lat' dir='ltr'><strong>ratione</strong></span> <span class='ocrx_word' id='word_1_179' title='bbox 749 2837 866 2902; x_wconf 88' lang='lat' dir='ltr'><strong>Graeci</strong></span> <span class='ocrx_word' id='word_1_180' title='bbox 895 2836 1024 2902; x_wconf 81' lang='lat' dir='ltr'><strong>vocales</strong></span> <span class='ocrx_word' id='word_1_181' title='bbox 1054 2830 1202 2919; x_wconf 74' lang='lat' dir='ltr'><strong>lbngasa</strong></span> 
     </span>
     <span class='ocr_line' id='line_1_25' title="bbox 161 2934 1201 3020; baseline -0.001 -22"><span class='ocrx_word' id='word_1_182' title='bbox 161 2934 313 2999; x_wconf 85' lang='lat' dir='ltr'><strong>brevibus</strong></span> <span class='ocrx_word' id='word_1_183' title='bbox 336 2935 368 2997; x_wconf 92' lang='lat' dir='ltr'><strong>in</strong></span> <span class='ocrx_word' id='word_1_184' title='bbox 390 2937 647 3020; x_wconf 83' lang='lat' dir='ltr'><strong>pronuntiatione</strong></span> <span class='ocrx_word' id='word_1_185' title='bbox 668 2939 878 3018; x_wconf 82' lang='lat' dir='ltr'><strong>distinxerint,</strong></span> <span class='ocrx_word' id='word_1_186' title='bbox 901 2952 937 2999; x_wconf 91' lang='lat' dir='ltr'><strong>ut</strong></span> <span class='ocrx_word' id='word_1_187' title='bbox 953 2950 987 3000; x_wconf 91' lang='lat' dir='ltr'><strong>et</strong></span> <span class='ocrx_word' id='word_1_188' title='bbox 1004 2936 1129 2999; x_wconf 87' lang='lat' dir='ltr'><strong>anobis</strong></span> <span class='ocrx_word' id='word_1_189' title='bbox 1146 2956 1201 2997; x_wconf 53' lang='lat' dir='ltr'><strong>eo*</strong></span> 
     </span>
     <span class='ocr_line' id='line_1_26' title="bbox 160 3035 1198 3126; baseline -0.002 -26"><span class='ocrx_word' id='word_1_190' title='bbox 160 3059 232 3102; x_wconf 87' lang='lat' dir='ltr'><strong>rum</strong></span> <span class='ocrx_word' id='word_1_191' title='bbox 245 3036 359 3122; x_wconf 75' lang='lat' dir='ltr'><strong>lingna</strong></span> <span class='ocrx_word' id='word_1_192' title='bbox 380 3036 489 3103; x_wconf 86' lang='lat' dir='ltr'><strong>eadem</strong></span> <span class='ocrx_word' id='word_1_193' title='bbox 512 3037 623 3106; x_wconf 84' lang='lat' dir='ltr'><strong>efferri</strong></span> <span class='ocrx_word' id='word_1_194' title='bbox 643 3054 753 3126; x_wconf 88' lang='lat' dir='ltr'><strong>posset</strong></span> <span class='ocrx_word' id='word_1_195' title='bbox 773 3038 945 3122; x_wconf 77' lang='lat' dir='ltr'><strong>elegantia,</strong></span> <span class='ocrx_word' id='word_1_196' title='bbox 971 3057 1043 3098; x_wconf 90' lang='lat' dir='ltr'><strong>cum</strong></span> <span class='ocrx_word' id='word_1_197' title='bbox 1064 3056 1126 3119; x_wconf 86' lang='lat' dir='ltr'><strong>qna</strong></span> <span class='ocrx_word' id='word_1_198' title='bbox 1149 3035 1198 3098; x_wconf 92' lang='lat' dir='ltr'><strong>illi</strong></span> 
     </span>
     <span class='ocr_line' id='line_1_27' title="bbox 160 3136 1198 3225; baseline 0.003 -24"><span class='ocrx_word' id='word_1_199' title='bbox 160 3137 403 3203; x_wconf 67' lang='lat' dir='ltr'><strong>seruaturum</strong></span> <span class='ocrx_word' id='word_1_200' title='bbox 428 3141 659 3225; x_wconf 80' lang='lat' dir='ltr'><strong>pronuntiasse.</strong></span> <span class='ocrx_word' id='word_1_201' title='bbox 705 3143 749 3212; x_wconf 76' lang='lat' dir='ltr'><strong>At</strong></span> <span class='ocrx_word' id='word_1_202' title='bbox 770 3158 849 3205; x_wconf 82' lang='lat' dir='ltr'><strong>rere</strong></span> <span class='ocrx_word' id='word_1_203' title='bbox 873 3137 944 3222; x_wconf 76' lang='lat' dir='ltr'><strong>quis</strong></span> <span class='ocrx_word' id='word_1_204' title='bbox 966 3148 1038 3216; x_wconf 79' lang='lat' dir='ltr'><strong>est,</strong></span> <span class='ocrx_word' id='word_1_205' title='bbox 1062 3137 1118 3222; x_wconf 87' lang='lat' dir='ltr'><strong>qui</strong></span> <span class='ocrx_word' id='word_1_206' title='bbox 1138 3136 1198 3204; x_wconf 84' lang='lat' dir='ltr'><strong>hac</strong></span> 
     </span>
    </p>
   </div>
   <div class='ocr_carea' id='block_1_5' title="bbox 149 3282 385 3310">
    <p class='ocr_par' dir='ltr' id='par_1_8' title="bbox 149 3282 385 3310">
     <span class='ocr_line' id='line_1_28' title="bbox 149 3282 385 3310; baseline 0 -15"><span class='ocrx_word' id='word_1_207' title='bbox 149 3282 385 3310; x_wconf 65' lang='lat'><strong>.„„‚„„,‚</strong></span> 
     </span>
    </p>
   </div>
   <div class='ocr_carea' id='block_1_6' title="bbox 85 3375 1301 4249">
    <p class='ocr_par' dir='ltr' id='par_1_9' title="bbox 85 3375 1301 4249">
     <span class='ocr_line' id='line_1_29' title="bbox 159 3375 1198 3454; baseline 0.003 -23"><span class='ocrx_word' id='word_1_208' title='bbox 159 3378 232 3449; x_wconf 80' lang='lat' dir='ltr'><strong>plica</strong></span> <span class='ocrx_word' id='word_1_209' title='bbox 250 3379 356 3438; x_wconf 78' lang='lat' dir='ltr'><strong>eertuln</strong></span> <span class='ocrx_word' id='word_1_210' title='bbox 372 3380 491 3448; x_wconf 85' lang='lat' dir='ltr'><strong>souuds,</strong></span> <span class='ocrx_word' id='word_1_211' title='bbox 509 3380 617 3454; x_wconf 77' lang='lat' dir='ltr'><strong>having</strong></span> <span class='ocrx_word' id='word_1_212' title='bbox 634 3379 740 3446; x_wconf 76' lang='lat' dir='ltr'><strong>certain</strong></span> <span class='ocrx_word' id='word_1_213' title='bbox 756 3376 916 3448; x_wconf 73' lang='lat' dir='ltr'><strong>meroingus</strong></span> <span class='ocrx_word' id='word_1_214' title='bbox 935 3405 970 3421; x_wconf 92' lang='lat'><strong>-·</strong></span> <span class='ocrx_word' id='word_1_215' title='bbox 995 3375 1123 3432; x_wconf 74' lang='lat' dir='ltr'><strong>cithero</strong></span> <span class='ocrx_word' id='word_1_216' title='bbox 1140 3383 1198 3434; x_wconf 75' lang='lat' dir='ltr'><strong>tvo</strong></span> 
     </span>
     <span class='ocr_line' id='line_1_30' title="bbox 87 3465 1198 3539; baseline 0.002 -18"><span class='ocrx_word' id='word_1_217' title='bbox 87 3513 90 3521; x_wconf 95' lang='lat'>.</span> <span class='ocrx_word' id='word_1_218' title='bbox 158 3468 325 3539; x_wconf 81' lang='lat' dir='ltr'><strong>principles,</strong></span> <span class='ocrx_word' id='word_1_219' title='bbox 354 3468 406 3523; x_wconf 87' lang='lat' dir='ltr'><strong>the</strong></span> <span class='ocrx_word' id='word_1_220' title='bbox 429 3472 516 3525; x_wconf 79' lang='lat' dir='ltr'><strong>round</strong></span> <span class='ocrx_word' id='word_1_221' title='bbox 542 3471 567 3524; x_wconf 83' lang='lat' dir='ltr'><strong>ir</strong></span> <span class='ocrx_word' id='word_1_222' title='bbox 591 3487 622 3526; x_wconf 83' lang='lat' dir='ltr'><strong>as</strong></span> <span class='ocrx_word' id='word_1_223' title='bbox 647 3470 696 3525; x_wconf 86' lang='lat' dir='ltr'><strong>the</strong></span> <span class='ocrx_word' id='word_1_224' title='bbox 721 3465 846 3532; x_wconf 82' lang='lat' dir='ltr'><strong>Metter,</strong></span> <span class='ocrx_word' id='word_1_225' title='bbox 874 3481 999 3521; x_wconf 82' lang='lat' dir='ltr'><strong>common</strong></span> <span class='ocrx_word' id='word_1_226' title='bbox 1027 3467 1096 3536; x_wconf 82' lang='lat' dir='ltr'><strong>(lile</strong></span> <span class='ocrx_word' id='word_1_227' title='bbox 1114 3468 1198 3523; x_wconf 83' lang='lat' dir='ltr'><strong>other</strong></span> 
     </span>
     <span class='ocr_line' id='line_1_31' title="bbox 159 3551 1196 3630; baseline 0.001 -22"><span class='ocrx_word' id='word_1_228' title='bbox 159 3556 284 3624; x_wconf 79' lang='lat' dir='ltr'><strong>ttastsr)</strong></span> <span class='ocrx_word' id='word_1_229' title='bbox 312 3563 342 3611; x_wconf 88' lang='lat' dir='ltr'><strong>to</strong></span> <span class='ocrx_word' id='word_1_230' title='bbox 360 3576 445 3630; x_wconf 84' lang='lat' dir='ltr'><strong>many</strong></span> <span class='ocrx_word' id='word_1_231' title='bbox 462 3560 595 3612; x_wconf 81' lang='lat' dir='ltr'><strong>different</strong></span> <span class='ocrx_word' id='word_1_232' title='bbox 614 3556 727 3625; x_wconf 62' lang='lat' dir='ltr'><strong>thiagn</strong></span> <span class='ocrx_word' id='word_1_233' title='bbox 765 3551 814 3606; x_wconf 87' lang='lat' dir='ltr'><strong>the</strong></span> <span class='ocrx_word' id='word_1_234' title='bbox 831 3554 965 3625; x_wconf 78' lang='lat' dir='ltr'><strong>Moeniug</strong></span> <span class='ocrx_word' id='word_1_235' title='bbox 982 3555 1095 3609; x_wconf 79' lang='lat' dir='ltr'><strong>usthut</strong></span> <span class='ocrx_word' id='word_1_236' title='bbox 1112 3574 1196 3627; x_wconf 88' lang='lat' dir='ltr'><strong>pecu-</strong></span> 
     </span>
     <span class='ocr_line' id='line_1_32' title="bbox 158 3640 1196 3711; baseline 0.001 -12"><span class='ocrx_word' id='word_1_237' title='bbox 158 3647 214 3700; x_wconf 86' lang='lat' dir='ltr'><strong>liar</strong></span> <span class='ocrx_word' id='word_1_238' title='bbox 232 3646 285 3700; x_wconf 89' lang='lat' dir='ltr'><strong>and</strong></span> <span class='ocrx_word' id='word_1_239' title='bbox 304 3646 513 3702; x_wconf 84' lang='lat' dir='ltr'><strong>characteristic</strong></span> <span class='ocrx_word' id='word_1_240' title='bbox 532 3647 634 3708; x_wconf 85' lang='lat' dir='ltr'><strong>Form,</strong></span> <span class='ocrx_word' id='word_1_241' title='bbox 660 3643 703 3711; x_wconf 81' lang='lat' dir='ltr'><strong>by</strong></span> <span class='ocrx_word' id='word_1_242' title='bbox 723 3640 817 3694; x_wconf 84' lang='lat' dir='ltr'><strong>which</strong></span> <span class='ocrx_word' id='word_1_243' title='bbox 835 3642 884 3696; x_wconf 90' lang='lat' dir='ltr'><strong>the</strong></span> <span class='ocrx_word' id='word_1_244' title='bbox 899 3644 1010 3698; x_wconf 85' lang='lat' dir='ltr'><strong>Nature</strong></span> <span class='ocrx_word' id='word_1_245' title='bbox 1026 3661 1058 3697; x_wconf 88' lang='lat' dir='ltr'><strong>or</strong></span> <span class='ocrx_word' id='word_1_246' title='bbox 1077 3645 1196 3700; x_wconf 77' lang='lat' dir='ltr'><strong>Essenos</strong></span> 
     </span>
     <span class='ocr_line' id='line_1_33' title="bbox 159 3732 1301 3807; baseline -0.002 -16"><span class='ocrx_word' id='word_1_247' title='bbox 159 3738 192 3791; x_wconf 86' lang='lat' dir='ltr'><strong>ol</strong></span> <span class='ocrx_word' id='word_1_248' title='bbox 207 3735 359 3807; x_wconf 79' lang='lat' dir='ltr'><strong>hunguuge</strong></span> <span class='ocrx_word' id='word_1_249' title='bbox 376 3737 506 3789; x_wconf 81' lang='lat' dir='ltr'><strong>becomes</strong></span> <span class='ocrx_word' id='word_1_250' title='bbox 523 3733 669 3802; x_wconf 85' lang='lat' dir='ltr'><strong>complete.</strong></span> <span class='ocrx_word' id='word_1_251' title='bbox 704 3733 825 3787; x_wconf 85' lang='lat' dir='ltr'><strong>Hermes</strong></span> <span class='ocrx_word' id='word_1_252' title='bbox 842 3751 874 3787; x_wconf 87' lang='lat' dir='ltr'><strong>or</strong></span> <span class='ocrx_word' id='word_1_253' title='bbox 890 3750 908 3788; x_wconf 82' lang='lat' dir='ltr'><strong>s</strong></span> <span class='ocrx_word' id='word_1_254' title='bbox 925 3732 1130 3803; x_wconf 83' lang='lat' dir='ltr'><strong>philosophicsl</strong></span> <span class='ocrx_word' id='word_1_255' title='bbox 1148 3735 1195 3789; x_wconf 87' lang='lat' dir='ltr'><strong>lu</strong></span> <span class='ocrx_word' id='word_1_256' title='bbox 1299 3803 1301 3807; x_wconf 23' lang='grc' dir='ltr'>Ι</span> 
     </span>
     <span class='ocr_line' id='line_1_34' title="bbox 160 3820 1194 3921; baseline -0.004 -40"><span class='ocrx_word' id='word_1_257' title='bbox 160 3823 244 3894; x_wconf 79' lang='lat' dir='ltr'><strong>quiry</strong></span> <span class='ocrx_word' id='word_1_258' title='bbox 261 3823 428 3896; x_wconf 73' lang='lat' dir='ltr'><strong>concerning</strong></span> <span class='ocrx_word' id='word_1_259' title='bbox 447 3820 598 3879; x_wconf 78' lang='lat' dir='ltr'><strong>untvsnal</strong></span> <span class='ocrx_word' id='word_1_260' title='bbox 613 3821 779 3889; x_wconf 76' lang='lat' dir='ltr'><strong>(hammer,</strong></span> <span class='ocrx_word' id='word_1_261' title='bbox 798 3823 838 3892; x_wconf 83' lang='lat' dir='ltr'><strong>hy</strong></span> <span class='ocrx_word' id='word_1_262' title='bbox 855 3823 950 3877; x_wconf 78' lang='lat' dir='ltr'><strong>Jeme·</strong></span> <span class='ocrx_word' id='word_1_263' title='bbox 969 3821 1080 3921; x_wconf 76' lang='lat' dir='ltr'><strong>Hatris.</strong></span> <span class='ocrx_word' id='word_1_264' title='bbox 1108 3823 1194 3884; x_wconf 79' lang='lat' dir='ltr'><strong>lond.</strong></span> 
     </span>
     <span class='ocr_line' id='line_1_35' title="bbox 158 3911 357 3983; baseline -0.01 -15"><span class='ocrx_word' id='word_1_265' title='bbox 158 3914 235 3970; x_wconf 65' lang='grc'><strong>1194.</strong></span> <span class='ocrx_word' id='word_1_266' title='bbox 254 3933 281 3983; x_wconf 87' lang='lat' dir='ltr'><strong>p.</strong></span> <span class='ocrx_word' id='word_1_267' title='bbox 297 3911 357 3967; x_wconf 80' lang='lat' dir='ltr'><strong>eto</strong></span> 
     </span>
     <span class='ocr_line' id='line_1_36' title="bbox 225 3997 1193 4075; baseline -0.003 -18.943"><span class='ocrx_word' id='word_1_268' title='bbox 225 4003 256 4066; x_wconf 87' lang='lat' dir='ltr'><strong>l)</strong></span> <span class='ocrx_word' id='word_1_269' title='bbox 281 4000 336 4056; x_wconf 84' lang='lat' dir='ltr'><strong>Die</strong></span> <span class='ocrx_word' id='word_1_270' title='bbox 360 3999 452 4057; x_wconf 74' lang='lat' dir='ltr'><strong>habre</strong></span> <span class='ocrx_word' id='word_1_271' title='bbox 475 4015 533 4059; x_wconf 78' lang='lat' dir='ltr'><strong>vett</strong></span> <span class='ocrx_word' id='word_1_272' title='bbox 555 3997 620 4061; x_wconf 75' lang='lat' dir='ltr'><strong>dom</strong></span> <span class='ocrx_word' id='word_1_273' title='bbox 641 4001 747 4064; x_wconf 68' lang='lat' dir='ltr'><strong>decent</strong></span> <span class='ocrx_word' id='word_1_274' title='bbox 772 4001 823 4059; x_wconf 81' lang='lat' dir='ltr'><strong>der</strong></span> <span class='ocrx_word' id='word_1_275' title='bbox 841 3999 1043 4061; x_wconf 80' lang='lat' dir='ltr'><strong>(iriooltlsolteu</strong></span> <span class='ocrx_word' id='word_1_276' title='bbox 1060 4001 1193 4075; x_wconf 66' lang='lat' dir='ltr'><strong>Sprucho.</strong></span> 
     </span>
     <span class='ocr_line' id='line_1_37' title="bbox 85 4085 547 4159; baseline -0.004 -14"><span class='ocrx_word' id='word_1_277' title='bbox 85 4085 92 4100; x_wconf 87' lang='lat'>&#39;</span> <span class='ocrx_word' id='word_1_278' title='bbox 158 4087 281 4145; x_wconf 84' lang='lat' dir='ltr'><strong>Helmst.</strong></span> <span class='ocrx_word' id='word_1_279' title='bbox 298 4086 375 4141; x_wconf 75' lang='lat' dir='ltr'><strong>teor.</strong></span> <span class='ocrx_word' id='word_1_280' title='bbox 392 4105 420 4158; x_wconf 78' lang='lat' dir='ltr'><strong>p.</strong></span> <span class='ocrx_word' id='word_1_281' title='bbox 434 4088 471 4143; x_wconf 72' lang='grc'><strong>19</strong></span> <span class='ocrx_word' id='word_1_282' title='bbox 484 4106 547 4159; x_wconf 79' lang='lat' dir='ltr'><strong>sqq.</strong></span> 
     </span>
     <span class='ocr_line' id='line_1_38' title="bbox 189 4172 1024 4249; baseline 0.002 -10"><span class='ocrx_word' id='word_1_283' title='bbox 189 4172 410 4239; x_wconf 44' lang='grc' dir='ltr'><strong>[ΒΑΜ</strong></span> <span class='ocrx_word' id='word_1_284' title='bbox 426 4177 906 4249; x_wconf 54' lang='grc' dir='ltr'><strong>αωὼῠίᾶῐιίδῌοᾶωωῒα</strong></span> <span class='ocrx_word' id='word_1_285' title='bbox 924 4178 1024 4241; x_wconf 61' lang='lat' dir='ltr'><strong>(itale</strong></span> 
     </span>
    </p>
   </div>
   <div class='ocr_carea' id='block_1_7' title="bbox 78 4358 296 4581">
    <p class='ocr_par' dir='ltr' id='par_1_10' title="bbox 78 4358 296 4581">
     <span class='ocr_line' id='line_1_39' title="bbox 78 4358 296 4581; baseline 0 0"><span class='ocrx_word' id='word_1_286' title='bbox 78 4358 230 4520; x_wconf 59' lang='grc' dir='ltr'>Α</span> <span class='ocrx_word' id='word_1_287' title='bbox 292 4572 296 4581; x_wconf 87' lang='grc'><em>,</em></span> 
     </span>
    </p>
   </div>
   <div class='ocr_carea' id='block_1_8' title="bbox 0 0 1312 4814">
    <p class='ocr_par' dir='ltr' id='par_1_11' title="bbox 0 0 1312 4814">
     <span class='ocr_line' id='line_1_40' title="bbox 0 0 1312 4814; baseline 0 4"><span class='ocrx_word' id='word_1_288' title='bbox 0 0 1312 4814; x_wconf 95' lang='lat' dir='ltr'><strong> </strong></span> 
     </span>
    </p>
   </div>
  </div>
 </body>
</html>
