2616 4814
153 342 201 383 ἰ’
468 406 637 461 atauus
655 399 908 474 amum.
1165 399 1201 455 ra

118 650 121 655 Ι
174 575 204 637 si
222 573 275 637 hic
294 554 422 660 qnoque
442 567 704 654 scudingium,
734 587 817 653 qnae
837 566 886 629 illi
907 566 958 631 rei
984 565 1201 631 dilucidandae

176 680 310 741 maxime
329 677 452 761 possint
471 673 635 737 inservire.
682 673 852 735 Rationum
872 691 972 749 vero,
995 673 1108 757 quibus
1126 694 1202 757 pcr-

176 779 265 840 multi
278 781 421 842 Graecae
437 776 562 859 linguae
580 796 673 860 quam
688 774 823 835 maxime
834 773 926 856 gnari
940 772 1145 855 adducuntur,
1164 788 1201 838 ut

174 879 208 941 in
218 900 255 941 ea
266 879 399 964 legenda
408 877 703 964 pronuntiandaque
711 876 816 961 apices
827 876 1201 941 minimeessccurandos

174 981 452 1063 observandasque
467 991 614 1042 censeant
634 990 728 1063 atque
740 976 938 1057 contendant,
958 979 1126 1062 primariae
1142 980 1203 1044 bas

173 1097 255 1147 sunt.
282 1083 438 1160 Plurimi,
458 1102 541 1166 quae
562 1093 707 1153 accentus
728 1080 770 1142 sit
789 1092 898 1143 natura
917 1093 951 1143 ct
971 1082 1049 1166 quid
1068 1081 1125 1147 ille
1142 1085 1205 1147 sibi

173 1187 271 1263 velit,
299 1205 432 1268 prorsus
459 1184 614 1285 ignorant.
663 1187 720 1247 Est
741 1204 819 1247 vero
841 1197 987 1247 accentus
1009 1202 1205 1255 caementum

177 1286 285 1372 quasi,
306 1306 370 1371 quo
391 1284 527 1367 syllabae
548 1287 656 1371 plures
675 1286 929 1371 conglutinantur
950 1300 1045 1371 atque
1065 1289 1148 1350 inter
1167 1311 1204 1352 se

177 1391 417 1473 conjunguntur,
437 1389 479 1452 ita
491 1401 528 1452 ut
540 1389 699 1475 adpareat,
718 1410 877 1452 essunum
897 1389 1000 1451 solum
1011 1392 1206 1456 constituere

174 1490 380 1568 vocabulum,
400 1490 455 1551 uni
475 1489 598 1552 notioni
617 1490 870 1574 exprimendae
860 1491 1033 1554 rumiens
1047 1494 1097 1575 1);
1118 1494 1204 1557 unde

172 1594 234 1654 iam
253 1615 314 1677 per
335 1605 493 1677 sopater,
525 1593 706 1678 linguarum
725 1594 841 1678 cuique
869 1614 950 1677 opus
972 1615 1042 1658 esse
1061 1611 1204 1675 accentu,

170 1715 275 1781 neque
302 1695 399 1757 ullam
427 1716 466 1759 eo
493 1712 590 1779 posse
608 1714 732 1759 carere.
783 1696 848 1756 lam
869 1715 947 1758 vero
976 1718 1073 1781 quum
1093 1719 1204 1761 omnes

170 1794 255 1876 fere,
286 1796 397 1881 quiin
428 1797 533 1880 lingua
555 1799 678 1860 Graeca
708 1796 878 1859 ediscenda
898 1796 1081 1860 docendare
1110 1820 1204 1862 occu·

168 1901 235 1985 pati
256 1912 342 1978 suut,
373 1900 513 1983 primum
532 1900 666 1962 Latinae
688 1920 822 1982 operam
852 1920 940 1961 suasu
961 1901 1124 1977 necarint,
1153 1923 1205 1965 re·

169 2005 409 2088 cantiorumque
436 2004 633 2084 linguarum,
671 2014 704 2064 et
730 2000 874 2084 inprimis
903 2022 1030 2079 earum,
1071 2025 1204 2086 quarum

170 2105 275 2166 studio
296 2103 469 2184 praecipue
490 2103 671 2179 intelligere
689 2113 838 2178 possent,
866 2114 1061 2179 quantopere
1081 2103 1209 2184 linguae

168 2209 201 2269 in'
229 2202 459 2268 vocabulorum
493 2211 625 2262 accentu
658 2199 870 2261 notandorum
904 2197 1206 2288 afferendorumque

167 2310 291 2373 ratione
312 2328 330 2368 a
351 2324 386 2366 se
405 2303 543 2365 invicem
559 2299 720 2380 differant,
740 2322 805 2364 nou
825 2301 996 2365 admodum
1016 2304 1080 2365 sint
1096 2306 1205 2387 periti,

168 2410 253 2473 baud
273 2420 339 2486 est,
371 2405 458 2490 quod
485 2404 656 2482 miremur,
691 2424 746 2464 eos
776 2402 838 2465 sibi
865 2423 1051 2484 persuasum
1075 2403 1206 2483 babere,

168 2513 291 2594 legem,
333 2528 425 2591 quam
452 2505 558 2567 Latini
586 2504 619 2566 iu
647 2503 774 2587 syllabis
803 2504 953 2566 acuendis
980 2505 1106 2588 sequuti
1133 2507 1206 2584 sint,

171 2614 263 2677 ctiam
284 2610 318 2670 in
339 2609 445 2690 lingua
466 2608 588 2669 Graeca
609 2604 794 2670 servandam
815 2625 897 2669 esse.
942 2606 987 2667 At
1006 2606 1091 2667 enim
1120 2606 1205 2671 bunc

171 2734 317 2778 errorem
337 2711 399 2772 iam
429 2710 497 2791 ipsa
524 2710 736 2800 Quintilianus
766 2709 813 2771 eia
833 2709 961 2792 eripere
981 2723 1107 2792 posset,
1139 2713 1205 2796 qni,

174 2815 215 2876 dc
235 2821 366 2875 accentu
386 2830 483 2892 quum
504 2809 898 2892 agit2),1egia‚monat‚
918 2809 956 2871 ad
978 2831 1072 2893 quam
1090 2813 1123 2875 iu
1143 2814 1207 2877 sin-

171 2915 253 3002 gulis
275 2912 407 2999 ‘vocibus
430 2910 568 2993 syllabae
585 2910 743 2974 acuendae
759 2913 830 2988 sint,
852 2911 1104 2975 observationem
1121 2917 1205 2998 apud

170 3023 310 3084 Graecos
339 3013 554 3077 difficiliorem
584 3035 673 3096 esse,
708 3014 791 3098 apud
810 3018 932 3077 Roman
1002 3037 1079 3079 vero
1110 3020 1205 3081 ratio-

169 3146 243 3189 nem
269 3119 509 3198 brevissimam
548 3117 671 3199 bancce
699 3118 798 3203 igitur
827 3120 883 3204 qui
912 3141 929 3182 a
972 3120 1126 3183 Graecam
1145 3122 1205 3185 lin·

170 3248 263 3313 guam
289 3221 461 3288 transferre
481 3220 576 3301 velit,
609 3243 682 3287 eum
700 3235 908 3308 praepostere
935 3242 1049 3307 agere,
1081 3226 1204 3309 perspi·

171 3351 265 3396 cuum
288 3330 336 3392 eit
354 3324 628 3412 manifestumque.

249 3433 445 3514 Linguarum
472 3449 635 3514 quaeque5
665 3441 702 3492 ut
731 3428 792 3491 iam
820 3429 1019 3509 monuimus,
1051 3452 1143 3516 quam
1171 3432 1205 3491 in

169 3536 375 3625 syllabiaqper
395 3544 556 3595 accentum
574 3532 718 3596 notandis
739 3546 905 3618 aequatur,
925 3533 1089 3617 propriam
1108 3553 1196 3594 suam

168 3642 427 3732 peculiaremque
447 3633 543 3699 babet
562 3634 676 3721 legem.
727 3637 822 3722 Apud
842 3637 1094 3720 Franco-gallos
1123 3653 1150 3692 e.
1171 3652 1202 3717 g*

168 3748 202 3809 iu
223 3742 368 3807 omuibus
389 3736 540 3819 vocibus,
571 3737 610 3801 iis
631 3739 789 3824 exceptis,
820 3760 901 3825 quae
921 3739 1034 3812 litera,
1071 3755 1202 3817 quame

236 3993 267 4060 1)
285 3991 434 4049 Praeclara
450 3984 515 4043 inda
532 3985 680 4045 Diomedes
698 3989 738 4043 11.
754 4005 781 4059 p.
797 3984 850 4042 aad
867 3983 1026 4049 ,macutus
1040 3979 1148 4049 inquit,
1165 3987 1200 4036 ut

169 4081 282 4153 quidam
298 4087 376 4136 recta
392 4087 582 4151 putaverunt,
600 4081 682 4134 salut
697 4078 791 4139 anima
806 4072 885 4130 vocis
901 4077 974 4129 est-‘⁸

233 4169 266 4243 Ι)
283 4172 326 4227 lle
340 4169 429 4228 instit·
445 4168 559 4227 Orator.
575 4165 649 4239 My
667 4165 710 4223 ὃ.

1042 4216 1214 4273 ·r
