2616 4814
143 386 148 393 ’
217 402 255 461 ii
370 404 421 463 tv.
455 405 496 461 vs
507 402 631 476 portion
646 400 776 459 eumn
793 404 882 461 {siole
896 408 977 475 utque
992 408 1101 459 smera.

216 567 324 653 potius
343 569 377 633 in
395 569 558 633 nominum
583 569 790 654 propriorum
816 588 983 632 nnmerum
1010 568 1179 634 relerenda
1199 571 1249 635 vi·

217 668 366 752 tlssntnr,
391 693 423 738 v.
440 692 469 735 o.
485 672 595 753 Deus,
623 670 758 734 mundus
778 673 946 756 (qustenus
965 670 1046 734 haee
1065 670 1164 753 ‹liptio
1185 670 1249 737 lsoe

216 772 398 839 universum
418 772 594 856 damnet),
614 784 674 835 ete.
690 772 733 855 ¹).

295 874 387 939 Hune
421 873 690 938 substantivorum
721 872 908 939 divisionem
939 893 977 937 ne
1008 872 1249 959 dispositionem

213 993 279 1037 non
305 994 418 1039 venam
443 995 513 1039 esse
542 988 637 1061 atque
658 975 821 1058 inutilem,
852 988 995 1060 patescet
1014 996 1055 1039 ex
1074 976 1133 1057 iis,
1165 996 1248 1061 quae

213 1075 255 1139 tle
282 1097 415 1141 numero
443 1077 560 1161 plurali
588 1075 785 1162 articuloque
813 1077 905 1139 nobis
936 1089 1030 1140 erunt
1050 1078 1248 1162 adponenda.

210 1178 294 1241 Mire
306 1178 399 1241 euim
418 1179 544 1265 linguae
565 1178 709 1244 diversae
732 1178 766 1241 in
786 1198 920 1242 numero
940 1177 1058 1263 plurali
1079 1190 1174 1265 atque
1196 1200 1247 1241 nr·

211 1279 312 1343 tinulo
333 1278 512 1343 adhibendo
533 1302 552 1343 a
572 1281 758 1345 seinvicem
775 1278 945 1360 differunt,
966 1300 1070 1366 neque
1085 1278 1158 1343 fieri
1174 1291 1248 1364 pot·

211 1394 278 1461 est,
298 1393 334 1444 ut
354 1380 435 1447 lsano
451 1402 521 1447 rem
534 1382 759 1465 diiudieemus,
781 1381 970 1467 articulique
988 1394 1021 1445 et
1036 1382 1160 1445 numeri
1174 1383 1248 1467 plu·

210 1481 286 1545 reiis
313 1504 406 1547 usum
433 1485 473 1549 sd
500 1498 604 1549 certes
635 1498 844 1569 soeurntoque
877 1483 1129 1567 circumscriptas
1157 1481 1247 1567 leges

209 1604 415 1666 revocemus,
445 1586 507 1651 niti
533 1586 708 1667 eiusmodi,
739 1586 865 1673 qualem
894 1585 1140 1670 proposuimus,
1170 1584 1247 1649 sub·

208 1688 418 1752 stsntivorum
437 1688 653 1773 dispositionis
672 1688 783 1753 notitia
804 1687 900 1751 simus
920 1684 1043 1775 imbuti.

289 1790 428 1873 Omnes,
448 1811 530 1876 quae
550 1802 692 1872 exstent,
713 1788 907 1854 substantias
927 1786 980 1854 vel
999 1787 1064 1852 rita
1079 1786 1246 1874 praeditae

84 1950 91 1961 ,
207 1903 300 1972 sunt,
320 1892 375 1959 vol
392 1891 598 1972 intnimntee3
618 1893 808 1978 prioresque
827 1891 944 1954 iterum
957 1909 1036 1953 sexu
1049 1889 1246 1975 distinguun-

207 2006 279 2074 tur,
298 1995 465 2079 quonism,
484 2006 523 2059 ut
541 1994 705 2059 Consentii
717 1995 751 2078 2)
772 1990 880 2061 vertis
901 2004 991 2075 utar,
1013 2011 1107 2056 omne
1127 1991 1245 2055 animal

271 2284 302 2351 1)
330 2284 386 2339 His
405 2282 448 2341 tte
465 2282 606 2355 dispositis
624 2291 712 2357 stqns
730 2283 864 2339 ordinetis
882 2252 950 2339 usus
967 2282 1025 2338 lum
1042 2281 1156 2338 nrtionll
1173 2282 1244 2338 ‹lefl-

203 2371 305 2441 nitivi,
322 2373 401 2439 sits,
419 2380 453 2429 ut
468 2373 573 2427 rectius
591 2374 800 2439 nominentur,
827 2372 983 2427 definientis
999 2371 1028 2425 ln
1045 2372 1145 2446 lingue
1160 2375 1241 2447 Ang-

203 2459 309 2526 urana,
334 2460 364 2515 ln
383 2477 439 2531 qus
457 2461 653 2532 grnmmstiess
670 2452 882 2533 philosophicus
900 2479 964 2515 eum
982 2468 1139 2531 spectantes
1155 2481 1243 2535 regn·

202 2548 250 2603 lus
266 2546 357 2621 megin
382 2564 467 2619 quum
485 2548 514 2602 iu
532 2550 592 2603 ulls
608 2548 666 2606 slis
684 2549 847 2622 linguarum
873 2547 1024 2603 cultiorum
1043 2552 1241 2619 observantur,

204 2654 289 2707 quum
305 2638 513 2695 sumtu-imo
529 2645 623 2710 potest
639 2638 759 2694 deliniri.
791 2638 938 2694 Artioulns
955 2639 1089 2693 deliniens
1104 2641 1188 2707 enim,
1207 2649 1244 2696 ut

156 2792 160 2801 Ι
202 2729 333 2799 deinceps
348 2728 521 2797 sltlsltinsns,
548 2729 660 2802 propris
680 2730 864 2809 stlpsllstisis
881 2732 1075 2787 tuntummodo
1092 2731 1243 2803 praeponi·

201 2824 251 2873 tur
266 2816 438 2885 nominibus,
465 2825 496 2874 st
513 2819 627 2889 quidem
650 2818 678 2873 in
695 2818 835 2891 singulari
850 2837 966 2874 numero
985 2827 1064 2888 tum,
1090 2821 1115 2875 si
1132 2821 1167 2874 tle
1184 2836 1241 2875 uno

200 2905 261 2959 solo
278 2903 421 2966 individuo
437 2923 530 2969 sermo
547 2913 608 2975 est,
629 2908 679 2962 ssl
697 2908 800 2975 etiem,
819 2907 845 2962 si
860 2908 1037 2961 individuum
1055 2907 1171 2976 aliquod
1186 2926 1240 2977 pro

132 3010 135 3015 ·
200 3000 279 3061 toto,
297 2996 334 3051 sti
351 2996 424 3067 qnod
441 2997 580 3068 pertinet,
600 3016 703 3071 genere
715 2998 846 3069 ponitur,
866 3017 894 3052 v.
906 3017 929 3051 e.
947 3000 993 3051 tlte
1012 3000 1086 3069 dog,
1103 3014 1156 3065 peu
1170 2998 1242 3054 love

197 3090 266 3155 got,
284 3086 308 3137 ts
324 3102 343 3137 o
358 3102 420 3153 vesp
429 3086 489 3155 fine
505 3104 562 3141 ose.
589 3086 651 3140 'nte
666 3088 723 3157 dog
738 3088 762 3139 is
780 3086 929 3155 asuittsul
947 3084 1056 3137 animal.
1092 3082 1239 3154 Excipitur

197 3178 280 3231 modo
297 3164 340 3233 'to‘
356 3198 438 3243 most,
456 3181 557 3247 lromo,
577 3197 650 3249 quus
667 3196 722 3233 vox
737 3196 789 3249 pro
805 3185 867 3234 toto
884 3196 987 3250 genere
1006 3178 1128 3233 hument
1143 3180 1237 3251 posits

198 3264 349 3320 articulum
365 3266 491 3337 respuit,
517 3267 548 3321 tn
565 3268 641 3341 pnotl
660 3265 742 3336 Popii
757 3266 810 3321 ills
828 3284 925 3325 versus
944 3267 1073 3323 omnibus
1089 3276 1172 3333 ustus
1190 3277 1235 3325 te·

200 3360 309 3410 stuturt

296 3440 360 3493 'I'lte
376 3435 489 3496 noblest
506 3442 594 3512 study
611 3445 643 3497 oi
659 3446 788 3501 mankind
806 3446 830 3501 is
847 3464 919 3499 moe.

196 3528 254 3583 Ills
271 3516 383 3600 qnoque
399 3530 510 3583 nomino
526 3532 717 3601 ntlpellntirn‚
742 3552 814 3604 quus
829 3535 941 3589 unieum
958 3532 1072 3605 sliquotl
1088 3534 1134 3589 sui
1150 3552 1235 3607 gene-

196 3618 237 3671 ris
252 3618 410 3689 signitiosnt
426 3615 621 3688 individuum,
639 3621 669 3675 in
687 3621 785 3697 lingue
796 3622 951 3694 Anglimns
965 3623 1116 3676 srtioulum
1132 3624 1234 3679 stlseis-

197 3712 264 3762 euut
281 3706 475 3773 definientem,
494 3724 523 3761 v.
538 3726 568 3781 g.
584 3710 633 3765 tta
649 3712 750 3773 tumlti:
770 3718 829 3768 tres
846 3718 939 3767 tumen
957 3709 1040 3763 huius
1058 3711 1168 3782 generis
1184 3728 1234 3766 vo-

197 3811 260 3860 ees,
287 3796 388 3849 henotes
404 3792 530 3862 seilicet,
555 3796 610 3852 lsell
628 3804 659 3861 st
673 3800 732 3873 god
748 3816 858 3869 semper
876 3798 935 3853 sine
952 3797 1071 3852 articulo
1088 3809 1233 3869 ponuntur.

199 3880 278 3935 lineo
296 3882 353 3948 eis,
374 3899 450 3952 quse
466 3882 500 3937 is
516 3883 570 3939 lsse
587 3902 619 3939 ro
637 3886 667 3943 in
685 3888 870 3961 grammatice
887 3903 951 3941 mss
970 3886 1084 3958 lingum
1101 3889 1233 3961 Arguet-

195 3982 247 4023 tttto
264 3969 407 4035 manvi,
425 3970 551 4035 sidonis
568 3979 646 4039 suut,

264 4052 297 4123 2),
313 4056 404 4113 Lsetu
422 4060 507 4135 digus
522 4070 589 4120 snut
607 4080 662 4134 sn,
676 4048 757 4137 'puts
773 4054 822 4119 ltin
838 4062 1038 4137 grsmmstiens
1055 4064 1090 4129 ie
1102 4066 1233 4125 substu-

196 4139 320 4199 “wrm
342 4148 494 4219 sweriltm
516 4152 623 4222 nstit,
649 4154 703 4237 qul
726 4159 786 4235 (sp.
804 4153 921 4211 renen
937 4172 964 4225 p.
979 4152 1050 4211 ms
1064 4154 1123 4229 sp.)
1148 4154 1232 4224 „iis-
