2616 4814
436 442 537 490 notura
556 453 659 505 usuque
681 438 876 493 cannitiis.
1125 440 1177 496 let
1228 516 1233 523 Ι

137 608 289 684 recusem
322 602 378 664 sed
409 615 519 666 contra
547 617 666 688 pugnat
692 605 925 689 Heusingcrus,
955 605 1176 668 Gernhardus·

138 724 201 788 que
221 704 352 787 insuper
379 703 459 765 haec
480 705 583 766 addit:
630 705 836 767 »Tenendum
859 719 924 785 est,
953 706 1062 769 eadem
1085 705 1175 770 diffe·
1277 760 1280 765 ,

136 807 255 885 sentia,
286 828 347 891 qua
369 807 507 886 dixeris,
543 816 573 873 si
592 819 646 872 ries
666 845 708 857 —-
727 809 832 891 saltet,
870 821 920 886 et,
949 819 979 874 si
997 818 1117 874 dederis
1135 843 1177 858 -

136 917 242 992 saltet,
256 912 259 918 “
272 909 355 988 dici,
387 919 525 974 cidares
547 913 625 993 (non
647 910 735 972 dabis
758 912 878 992 autem)
900 946 942 962 -
961 920 1105 994 saltaret,
1134 924 1179 991 et,

130 1022 165 1076 si
182 1022 318 1078 dedisses
339 1014 418 1094 (non
442 1010 556 1072 dedisti
579 1014 698 1094 autam)
719 1050 760 1062 -
791 1022 944 1079 saltaret«
997 1013 1075 1075 inde
1098 1033 1175 1098 quo·

136 1136 199 1200 quc
221 1134 259 1176 ex
280 1125 374 1199 parte
394 1113 504 1176 saltem
526 1114 675 1197 adparet,
705 1117 781 1199 quid
794 1115 933 1179 'differat
953 1116 1037 1178 inter
1058 1116 1177 1200 imper·

134 1215 254 1278 fectum
276 1229 309 1280 et
324 1215 672 1302 plusquamperfectum
686 1217 897 1297 coniunctivi3
920 1217 1007 1304 quod
1025 1237 1088 1302 quo
1110 1238 1176 1304 ma·

135 1318 183 1403 gis
207 1319 349 1400 eluceat,
371 1319 569 1404 adiungimus
592 1316 802 1382 Lirii'locum
825 1322 895 1405 (lV,
915 1322 1001 1403 38),
1023 1318 1079 1381 ubi
1094 1318 1176 1381 haec

135 1426 275 1485 exstant:
301 1424 387 1485 »Neo
410 1421 561 1500 dubium,
582 1423 607 1482 si
629 1423 723 1505 pauci
745 1423 838 1484 simul
861 1421 954 1485 obire
976 1421 1081 1486 omnia
1098 1443 1175 1504 pos·

134 1537 217 1606 sent,
250 1536 342 1607 terga
364 1524 468 1586 daturi
496 1524 604 1586 hostes
624 1522 773 1588 fuerint«
829 1525 909 1619 Quis
931 1537 994 1604 est,
1028 1525 1084 1609 qui
1111 1543 1174 1586 non

116 1626 298 1713 intelligat,
319 1624 368 1688 his
387 1627 512 1709 verbis:
535 1639 564 1693 sa·
581 1638 677 1709 pauca·
697 1637 792 1694 simut
810 1636 894 1694 obire
913 1637 1172 1711 omarupoasenn

133 1728 347 1792 universalem
376 1730 534 1792 contineri
561 1732 825 1811 enuntiationem,
864 1752 947 1817 quae
968 1731 1070 1796 verbo
1096 1752 1174 1811 pos·

133 1844 203 1896 sent
222 1831 448 1912 inposuissent
467 1844 587 1893 mutato
608 1853 672 1893 non
693 1832 754 1891 nisi
775 1831 814 1892 atl
832 1832 905 1892 illos
923 1829 1113 1908 referretur,
1134 1831 1174 1893 de
1202 1854 1205 1861 ·

133 1929 248 2016 quibus
275 1932 307 1991 in
336 1931 461 2016 reliqua
483 1932 626 1996 oratione
650 1952 756 1994 sermo
778 1946 835 1996 ast.
888 1933 941 1995 Sic
963 1952 1092 2018 quoquo
1123 1930 1173 1995 Ci-

132 2052 209 2096 cero
231 2033 286 2117 (de
308 2031 404 2096 Offic.
426 2035 464 2113 11,
487 2031 519 2113 4,
542 2036 625 2117 12),
651 2037 781 2120 »Neque
803 2034 887 2097 enim
908 2032 1097 2096 valetudinis
1120 2051 1173 2095 cu·

130 2136 231 2215 ratio,
264 2136 384 2220 inquit,
417 2156 523 2221 neque
546 2137 723 2220 navigatio,
756 2155 861 2220 neque
891 2135 1104 2219 agricultura,
1132 2169 1173 2184 -

131 2232 199 2302 sin'e
219 2238 382 2301 hominum
405 2258 503 2329 opera
533 2238 598 2300 ulla
620 2256 690 2301 esse
715 2248 908 2320 potuisset«3
943 2257 1037 2323 quam
1062 2235 1172 2299 lectio·

131 2363 205 2406 nem
225 2341 253 2405 si
274 2334 466 2422 retinemus,
498 2338 578 2403 illud
599 2340 840 2424 intelligendum
862 2353 910 2404 est
930 2353 1076 2425 tempus,
1110 2361 1172 2425 qua

130 2447 269 2532 primum
290 2444 440 2528 navigare
461 2442 683 2523 institueruut3
726 2445 774 2506 aiu
801 2463 872 2506 cum
891 2443 1041 2505 Ernestio
1067 2451 1173 2524 posset

128 2537 299 2630 legendum
327 2565 513 2626 censemus,
544 2557 610 2613 elce
638 2569 723 2612 nune
750 2556 815 2612 sive
844 2567 991 2630 umquem
1022 2543 1170 2629 supplen-

131 2649 206 2709 dum
228 2663 285 2712 est.

132 2851 367 2935 exprimendis,
399 2872 500 2936 quae,
533 2851 572 2913 ad
593 2871 662 2914 reru
683 2854 820 2936 aliquam
846 2853 1064 2918 illustrandam
1085 2850 1169 2934 licta,

131 2954 275 3039 quamvis
298 2954 365 3039 ipsa
386 2974 559 3038 numquam
580 2966 732 3017 eventura
754 2955 921 3039 adpareat,
951 2968 1074 3036 tamen,
1104 2975 1168 3041 quo

129 3057 232 3119 minus
252 3069 289 3120 ut
310 3057 384 3118 talia
406 3058 604 3141 cogitentur,
620 3056 716 3119 ‘nihil
738 3057 851 3119 obstat.
903 3057 939 3120 ld
962 3076 1036 3119 sane
1065 3055 1096 3118 in
1118 3056 1169 3120 ci-

130 3161 254 3222 ceronis
277 3160 334 3244 (de
353 3160 423 3222 Fin.
446 3161 501 3239 IV,
522 3165 574 3240 Ἡ,
594 3161 661 3243 60.)
692 3161 776 3222 cadit
797 3161 923 3239 locum,
956 3160 1030 3243 ubi,
1062 3160 1168 3254 »Quid

130 3261 157 3322 ai
179 3260 391 3340 reviviscant,
412 3262 531 3347 inquit,
555 3275 588 3326 et
608 3263 651 3325 ita
672 3277 778 3327 tecum
799 3264 999 3350 loquantur«

215 3364 459 3428 Coniuncti'rum
479 3367 620 3446 modum,
642 3366 849 3446 adseruimua,
872 3388 1000 3454 quoque
1013 3367 1168 3447 adhiberi,
1216 3408 1228 3435 ι

131 3467 159 3530 ai
181 3465 316 3528 aliorum
344 3481 543 3550 proponatur
571 3470 734 3533 sententia.
782 3471 885 3532 Huius
907 3493 987 3536 vero
1014 3471 1062 3533 rei
1084 3468 1166 3532 ratio

131 3569 249 3654 duplex
271 3579 328 3630 est.
382 3567 508 3630 Etenim
529 3581 637 3654 potest
658 3573 727 3656 quis
749 3573 883 3637 aliorum
905 3572 1092 3637 sententiam
1113 3569 1165 3632 rel
1222 3556 1226 3566 ¹

129 3656 174 3735 ila
195 3669 330 3750 referre,
350 3683 386 3734 ut
405 3683 471 3733 tota
494 3689 533 3732 ex
554 3691 666 3735 eorum
688 3674 790 3739 adhuc
810 3675 949 3761 pendeat
967 3685 1090 3750 mente,
1112 3672 1165 3735 vel

134 3776 227 3837 etiam
248 3786 407 3860 tamquam
428 3773 534 3835 tritam
548 3794 730 3860 proponere
751 3791 845 3863 atque
860 3799 919 3839 usu
940 3773 1165 3857 confirmatam,

132 3896 292 3962 quamque
312 3877 381 3961 ipse
407 3875 469 3938 iana
490 3873 604 3939 lecerit
624 3899 720 3942 suam.
774 3881 870 3943 Prior
898 3878 925 3939 ai
942 3877 1049 3939 locum
1069 3875 1165 3942 habet

129 3978 231 4056 ratio,
259 3978 481 4063 imperfectum
503 3979 698 4046 coniunctiri·
716 3981 794 4065 poni
814 3980 912 4060 solet3
945 3980 973 4043 si
992 3980 1163 4065 posterior,

128 4096 295 4165 praesens:
329 4079 392 4143 hoc
412 4101 490 4164 roro
511 4091 579 4146 tum
602 4096 732 4168 quoqne
753 4081 793 4144 ad
821 4082 1067 4149 enuntiationem
1088 4104 1162 4149 cou-

131 4179 329 4245 iormaudam
356 4183 501 4268 requiri,
542 4202 640 4270 mum
674 4182 716 4246 'de
742 4196 888 4271 tempore
920 4183 1031 4252 futuro
1057 4206 1163 4252 termo

262 4378 615 4504 ,3'
