2616 4814
103 418 140 467 av
539 394 707 474 Praefatio.

103 578 281 679 temporis
305 574 466 674 spatium
491 571 539 649 ab
564 576 648 675 ipso
672 573 836 671 scriptis,
860 588 1061 675 occupatus
1075 577 1145 654 fuit

104 692 363 785 emendandis,
400 717 486 766 eum
517 690 647 791 fugere
679 717 755 766 non
780 706 919 790 potest,
958 718 1038 767 rem
1063 722 1144 772 esse

103 814 215 915 longe
240 811 501 903 difficiliorem,
525 812 668 885 etiamsi
694 812 777 909 quis
794 813 840 883 sit
861 809 1143 909 adtentissimus,

71 928 75 937 “
102 932 237 1009 inillis
262 934 385 1007 omnia
402 929 623 1029 corrigenda
645 928 855 1029 explorare,
880 954 993 1027 quam
1010 958 1141 1007 ernen-

34 1077 38 1083 ·
104 1050 224 1124 datius
261 1052 470 1147 rectiusque
495 1048 658 1121 scribere
682 1073 790 1123 nova.
859 1046 1000 1141 Quodsi
1030 1053 1142 1149 igitur

103 1168 229 1244 adhuc
252 1170 506 1260 inveniantur,
530 1192 627 1266 quae
651 1168 774 1239 minus
791 1165 980 1266 placeant,
1005 1192 1047 1241 ea
1067 1168 1142 1241 be-

103 1288 256 1362 nevolus
279 1266 396 1360 leotor'
419 1283 512 1359 mihi
529 1283 765 1360 condonabit.
788 1322 839 1344 ·-
861 1288 1031 1360 Continet
1053 1312 1142 1361 vero
1223 1286 1230 1305 ²

102 1402 220 1478 hocce
252 1404 425 1481 volumen
459 1407 657 1487 maximam
683 1419 826 1503 partem
861 1430 922 1478 eas
947 1428 1141 1477 commen-

101 1523 277 1614 tationes,
311 1521 521 1620 inquibus
555 1519 602 1593 do
633 1520 746 1594 rebus
780 1523 839 1620 egi
867 1521 1141 1620 grammaticam

102 1640 365 1738 spectantibus,
389 1637 524 1712 additis
549 1641 732 1738 excerptis
757 1636 980 1738 quibusdam
1005 1663 1143 1739 epra-⁴

101 1756 329 1852 lusionibus,
354 1784 445 1857 quas
471 1772 625 1851 vocant,
648 1756 726 1831 Ind.
750 1757 885 1852 Prael.;
909 1756 1010 1858 quod
1034 1761 1065 1833 si
1088 1758 1142 1831 il-

100 1869 178 1966 lae,
201 1876 274 1949 iam
301 1873 454 1974 quidem
478 1874 653 1949 collectae
678 1877 989 1974 coniunctaeque,
1014 1901 1059 1948 eo
1076 1875 1141 1949 fa-

101 2012 209 2083 vore,
245 2015 321 2090 quo
347 1990 514 2091 singulae
546 2007 719 2093 exceptae
744 2010 847 2086 sunt,
884 2016 960 2065 non
990 1994 1141 2065 omnino

100 2106 366 2187 iudicabuntur
390 2108 583 2198 indignae,
615 2139 729 2199 qrrnm
752 2116 912 2199 primum
937 2109 1142 2180 sectandum

101 2242 254 2318 quoque
305 2215 475 2291 volumen
524 2218 622 2315 typis
662 2215 803 2290 curabo
847 2215 1155 2341 exscribendum,

103 2331 206 2432 quod
231 2357 293 2406 eas
319 2331 628 2430 comprehendet,
653 2336 692 2406 in
717 2331 853 2431 quibus
878 2328 925 2401 de
951 2331 1064 2406 rebus
1090 2306 1155 2409 ad

103 2452 355 2548 antiquitatem
369 2451 646 2548 pertinentibus
671 2450 822 2548 exposui
847 2444 1115 2549 disputavique.

229 2566 365 2665 Scripsi
411 2567 603 2677 Marburgl
651 2589 778 2642 menso
823 2568 989 2665 Augusto
1051 2571 1139 2644 anni

101 2685 406 2761 Mocccxxxu
473 2722 477 2731 ·
