2616 4814
461 419 493 459 ec
510 405 705 474 prolationibus
723 404 778 458 iud.
796 406 854 458 leat
1132 403 1184 457 213

184 567 312 652 (Omnis
334 569 418 632 enim
436 568 559 655 populo
581 567 764 633 mercedem
785 567 928 653 pendere
948 570 1030 632 iussa
1051 579 1098 630 est

180 671 307 752 Arbor,
328 688 361 738 ct
381 675 490 738 eiectis
512 674 673 738 mendicat
690 675 769 740 silva
793 674 963 755 Camenis)

179 778 217 839 ln
237 778 353 840 vallem
374 779 512 865 Egeriae
534 780 754 843 descendimus
776 791 808 843 et
829 779 996 863 speluncas

177 879 355 944 Dissimiles
373 883 476 945 veris:
497 919 539 932 -·
917 900 920 905 ·

137 982 242 1043 omnia
263 982 412 1067 prolecto
435 987 555 1069 optime
575 984 755 1048 cobserent.
787 964 979 1047 substiterat
998 983 1082 1047 enirn
1104 984 1177 1046 Um·

136 1085 275 1163 bricius,
307 1087 382 1149 dum
412 1089 526 1150 domus
549 1088 650 1151 rheda
680 1088 950 1172 componebatur,
982 1087 1023 1149 ad
1051 1098 1176 1170 portam

138 1187 314 1272 Capenam,
337 1203 370 1252 et
391 1188 430 1252 ab
453 1190 513 1254 hac
532 1190 783 1274 portaideinde,
810 1191 842 1250 in
865 1190 954 1252 cuius
976 1188 1108 1272 regione
1129 1185 1176 1246 lu-

136 1307 193 1351 cus
214 1290 423 1353 Camenarum
447 1305 533 1371 erat,
556 1293 588 1353 in
612 1312 676 1377 quo
695 1294 796 1353 Numa
818 1310 891 1353 curn
904 1290 1023 1375 Egeria
1044 1305 1178 1370 congre·

136 1390 302 1469 diebatur,
324 1392 355 1454 in
371 1393 464 1461 huius
481 1393 637 1479 nymphae
654 1394 771 1458 vallem
789 1413 939 1456 unacum
953 1405 1063 1455 nostro
1079 1400 1175 1473 poeta

136 1493 319 1572 descendit,
351 1496 460 1580 ibique
488 1498 520 1561 ei
546 1517 655 1560 causas
684 1498 834 1581 exponit,
871 1495 986 1582 quibus
1012 1504 1187 1579 permotus·

135 1588 238 1659 Roma
258 1597 371 1661 relicta
393 1599 507 1661 Cumas
528 1597 686 1685 migrandi
706 1598 873 1662 consilium
895 1597 1029 1682 ceperit..

215 1801 251 1881 6)
293 1800 409 1862 Adnot.
432 1800 473 1862 ad
494 1801 638 1863 eiusdem
664 1801 787 1863 Satirae
816 1821 848 1862 v.
869 1803 931 1868 239
952 1820 1021 1883 sqq.
1038 1799 1086 1877 ¹),
1119 1793 1174 1856 ubi

134 1900 316 1964 Umbricius
344 1903 428 1965 inter
455 1902 675 1982 incommoda,
712 1901 827 1987 quibus
857 1903 980 1962 Romae
1018 1917 1174 1982 pauperes

114 2019 344 2086 ,vexarentum
357 2005 404 2081 ‚id
427 2025 555 2091 quoque
576 2004 694 2086 refert,
723 2000 964 2090 quod'divites,
986 2003 1013 2064 si
1034 1999 1173 2062 officium

134 2130 190 2172 eos
211 2122 359 2188 vocaret,
387 2109 500 2172 lectica
521 2110 607 2173 vecti
628 2108 740 2188 citius,
766 2127 830 2193 quo
851 2106 987 2184 vellent,
1018 2102 1173 2197 venirent,

134 2234 228 2298 quam
250 2232 408 2297 pauperes
430 2210 579 2292 clientes,
602 2234 682 2297 quos
702 2209 838 2298 pedibus
857 2210 1040 2274 incedentes
1060 2204 1174 2290 populi

132 2318 227 2379 turba
248 2329 438 2379 moraretur.

175 2420 230 2485 »si
251 2433 346 2484 vocat
366 2417 527 2498 officium,
547 2418 642 2481 turba
664 2418 797 2482 cedente
817 2417 953 2483 vehetur

143 2522 147 2539 '
172 2526 292 2603 Dives,
314 2536 347 2586 et
367 2522 488 2606 ingenti
510 2534 619 2591 curret
640 2542 737 2606 super
758 2542 815 2584 ora
834 2521 991 2598 Liburno,

174 2630 281 2709 Atque
303 2626 408 2686 obiter
427 2625 532 2708 leget,
553 2626 763 2704 autscribet,
784 2625 837 2689 vel
858 2625 996 2688 dormiet
1015 2623 1108 2684 intus.

171 2731 316 2812 Namque
337 2723 413 2789 facit
434 2745 578 2787 somnum
601 2727 705 2789 clausa
725 2727 838 2789 lectica
858 2727 1006 2789 lenestra.

171 2832 256 2895 Ante
275 2843 379 2892 tamen
398 2829 521 2892 veniet:
543 2828 634 2890 nobis
656 2829 902 2915 properantibus
924 2828 1028 2889 obstat

172 2937 263 2999 Unda
284 2933 393 3018 prior:
415 2953 530 3015 magno
550 2932 689 3016 populus
710 2933 828 3017 premit
848 2933 972 3016 agmine
993 2929 1128 3008 lumbos,

170 3038 236 3131 Qui
258 3036 410 3121 sequitur.
453 3036 543 3097 Ferit
563 3035 617 3097 bio
638 3035 765 3114 cubito,
786 3034 864 3098 ferit
885 3056 990 3098 assere
1011 3034 1092 3094 duro

95 3134 97 3139 ’
171 3142 280 3201 Alter:
303 3136 407 3199 ethic
427 3136 548 3219 tignum
570 3138 666 3221 capiti
687 3137 817 3217 incutit,
838 3137 894 3199 ille
914 3149 1090 3199 metretam.

133 3252 256 3313 Undosa
282 3240 411 3330 quidem
438 3240 575 3325 Ruperti
605 3254 694 3303 recte
728 3262 789 3326 per
815 3251 1040 3317 mellitissimus
1063 3246 1171 3322 populi

131 3344 268 3431 explicat
275 3363 285 3421 3
316 3342 403 3426 quod
423 3361 503 3405 vero
524 3344 574 3427 τῷ
596 3353 682 3408 cndu
699 3352 788 3425 prior
815 3342 1048 3406 multitudinem
1071 3339 1167 3405 clien-

129 3459 198 3511 tum
218 3440 388 3527 significari
408 3453 517 3531 putat,
550 3444 605 3527 qui
634 3442 732 3525 officii
760 3465 853 3508 causa
873 3458 1042 3529 patronum
1068 3442 1167 3506 dedu-

131 3562 221 3625 cant,
255 3545 369 3631 quibus
395 3556 575 3632 opponatur
596 3558 749 3643 populus,
779 3558 834 3632 qus·
851 3560 991 3631 sequitur
1009 3545 1165 3621 lecticam,

129 3649 164 3713 id
194 3668 269 3711 sane
298 3646 329 3709 ei
357 3644 599 3731 haudquaquam
629 3650 780 3711 adsentiri
806 3664 994 3732 possumus:
1034 3642 1173 3727 clientes¹

131 3752 215 3815 enim
235 3751 268 3813 in
290 3748 397 3813 medio
419 3768 550 3828 eorum,
573 3750 629 3839 qni
648 3750 794 3813 lecticam
810 3745 1037 3812 antecedebant
1053 3764 1164 3829 seque·

129 3853 326 3939 banturque,
362 3850 557 3919 incedentes·
572 3872 634 3913 una
661 3871 732 3914 cum
761 3851 859 3916 divite
888 3870 926 3912 ea
954 3858 1047 3911 vecto
1075 3846 1164 3929 illuc,

131 3975 196 4043 quo
217 3956 312 4019 etiam
332 3954 386 4018 hic
405 3953 573 4036 tendebat,
593 3966 745 4021 venturos
760 3952 857 4045 fuisse
873 3970 1005 4017 necesse
1020 3963 1076 4015 est.
1112 3946 1162 4018 Τό

131 4099 350 4117 μ

81 4237 87 4243 .
199 4170 232 4240 1)
249 4168 311 4227 via
329 4172 389 4229 lud.
407 4174 483 4231 be'ct.
502 4173 623 4229 eiusdem
641 4173 712 4229 nuni.
