<?xml version="1.0" encoding="UTF-8"?>
<!DOCTYPE html PUBLIC "-//W3C//DTD XHTML 1.0 Transitional//EN"
    "http://www.w3.org/TR/xhtml1/DTD/xhtml1-transitional.dtd">
<html xmlns="http://www.w3.org/1999/xhtml" xml:lang="en" lang="en">
 <head>
  <title>
</title>
<meta http-equiv="Content-Type" content="text/html;charset=utf-8" />
  <meta name='ocr-system' content='tesseract 3.04.00' />
  <meta name='ocr-capabilities' content='ocr_page ocr_carea ocr_par ocr_line ocrx_word'/>
</head>
<body>
  <div class='ocr_page' id='page_1' title='image "./carfrchrwagneri00wagngoog_0267.png"; bbox 0 0 2616 4814; ppageno 0'>
   <div class='ocr_carea' id='block_1_1' title="bbox 137 418 836 491">
    <p class='ocr_par' dir='ltr' id='par_1_1' title="bbox 137 418 836 491">
     <span class='ocr_line' id='line_1_1' title="bbox 137 418 836 491; baseline 0.009 -22"><span class='ocrx_word' id='word_1_1' title='bbox 137 420 191 477; x_wconf 70' lang='lat' dir='ltr'><strong>m</strong></span> <span class='ocrx_word' id='word_1_2' title='bbox 481 418 517 473; x_wconf 77' lang='lat' dir='ltr'><strong>X.</strong></span> <span class='ocrx_word' id='word_1_3' title='bbox 553 421 688 490; x_wconf 64' lang='lat' dir='ltr'><strong>decerpto</strong></span> <span class='ocrx_word' id='word_1_4' title='bbox 704 421 836 491; x_wconf 72' lang='lat' dir='ltr'><strong>quonam</strong></span> 
     </span>
    </p>
   </div>
   <div class='ocr_carea' id='block_1_2' title="bbox 144 562 1195 673">
    <p class='ocr_par' dir='ltr' id='par_1_2' title="bbox 144 562 1195 673">
     <span class='ocr_line' id='line_1_2' title="bbox 144 562 1195 673; baseline -0.003 -22"><span class='ocrx_word' id='word_1_5' title='bbox 144 587 319 652; x_wconf 85' lang='lat' dir='ltr'><strong>enimvero</strong></span> <span class='ocrx_word' id='word_1_6' title='bbox 333 606 430 671; x_wconf 88' lang='lat' dir='ltr'><strong>quum</strong></span> <span class='ocrx_word' id='word_1_7' title='bbox 443 585 496 663; x_wconf 83' lang='lat' dir='ltr'><strong>hio</strong></span> <span class='ocrx_word' id='word_1_8' title='bbox 516 607 591 649; x_wconf 84' lang='lat' dir='ltr'><strong>usus</strong></span> <span class='ocrx_word' id='word_1_9' title='bbox 612 587 675 654; x_wconf 77' lang='grc' dir='ltr'><strong>τοῦ</strong></span> <span class='ocrx_word' id='word_1_10' title='bbox 692 598 725 652; x_wconf 86' lang='lat' dir='ltr'><strong>et</strong></span> <span class='ocrx_word' id='word_1_11' title='bbox 744 607 826 673; x_wconf 80' lang='lat' dir='ltr'><strong>apua</strong></span> <span class='ocrx_word' id='word_1_12' title='bbox 844 584 917 653; x_wconf 91' lang='lat' dir='ltr'><strong>illos</strong></span> <span class='ocrx_word' id='word_1_13' title='bbox 932 587 1105 672; x_wconf 77' lang='lat' dir='ltr'><strong>scriptores</strong></span> <span class='ocrx_word' id='word_1_14' title='bbox 1116 562 1195 649; x_wconf 57' lang='lat' dir='ltr'><strong>Las</strong></span> 
     </span>
    </p>
   </div>
   <div class='ocr_carea' id='block_1_3' title="bbox 141 683 1180 978">
    <p class='ocr_par' dir='ltr' id='par_1_3' title="bbox 141 683 1180 978">
     <span class='ocr_line' id='line_1_3' title="bbox 142 683 1177 773; baseline -0.001 -22"><span class='ocrx_word' id='word_1_15' title='bbox 142 689 235 768; x_wconf 89' lang='lat' dir='ltr'><strong>tinos,</strong></span> <span class='ocrx_word' id='word_1_16' title='bbox 256 687 312 773; x_wconf 86' lang='lat' dir='ltr'><strong>qui</strong></span> <span class='ocrx_word' id='word_1_17' title='bbox 332 687 442 751; x_wconf 82' lang='lat' dir='ltr'><strong>eadem</strong></span> <span class='ocrx_word' id='word_1_18' title='bbox 463 708 535 752; x_wconf 89' lang='lat' dir='ltr'><strong>oum</strong></span> <span class='ocrx_word' id='word_1_19' title='bbox 549 688 704 751; x_wconf 81' lang='lat' dir='ltr'><strong>Cicerone</strong></span> <span class='ocrx_word' id='word_1_20' title='bbox 728 689 876 751; x_wconf 86' lang='lat' dir='ltr'><strong>vixerunt</strong></span> <span class='ocrx_word' id='word_1_21' title='bbox 892 700 1005 769; x_wconf 86' lang='lat' dir='ltr'><strong>aetate,</strong></span> <span class='ocrx_word' id='word_1_22' title='bbox 1029 683 1177 773; x_wconf 77' lang='lat' dir='ltr'><strong>frequen·</strong></span> 
     </span>
     <span class='ocr_line' id='line_1_4' title="bbox 141 789 1180 875; baseline -0.004 -22"><span class='ocrx_word' id='word_1_23' title='bbox 141 790 277 853; x_wconf 75' lang='lat' dir='ltr'>tissimus</span> <span class='ocrx_word' id='word_1_24' title='bbox 298 789 356 869; x_wconf 84' lang='lat' dir='ltr'><strong>sit,</strong></span> <span class='ocrx_word' id='word_1_25' title='bbox 378 790 531 875; x_wconf 87' lang='lat' dir='ltr'><strong>equibus</strong></span> <span class='ocrx_word' id='word_1_26' title='bbox 552 791 678 854; x_wconf 78' lang='lat' dir='ltr'><strong>Horatii</strong></span> <span class='ocrx_word' id='word_1_27' title='bbox 692 793 723 872; x_wconf 86' lang='lat'><strong>¹)</strong></span> <span class='ocrx_word' id='word_1_28' title='bbox 745 789 962 853; x_wconf 88' lang='lat' dir='ltr'><strong>tantummodo</strong></span> <span class='ocrx_word' id='word_1_29' title='bbox 983 789 1180 852; x_wconf 84' lang='lat' dir='ltr'><strong>mentionem</strong></span> 
     </span>
     <span class='ocr_line' id='line_1_5' title="bbox 141 891 1179 978; baseline 0 -23"><span class='ocrx_word' id='word_1_30' title='bbox 141 892 310 971; x_wconf 88' lang='lat' dir='ltr'><strong>faciemus,</strong></span> <span class='ocrx_word' id='word_1_31' title='bbox 332 894 420 956; x_wconf 90' lang='lat' dir='ltr'><strong>cuius</strong></span> <span class='ocrx_word' id='word_1_32' title='bbox 440 894 473 955; x_wconf 90' lang='lat' dir='ltr'><strong>in</strong></span> <span class='ocrx_word' id='word_1_33' title='bbox 493 894 636 978; x_wconf 87' lang='lat' dir='ltr'><strong>scriptis,</strong></span> <span class='ocrx_word' id='word_1_34' title='bbox 658 908 692 956; x_wconf 94' lang='lat' dir='ltr'><strong>ut</strong></span> <span class='ocrx_word' id='word_1_35' title='bbox 712 895 852 956; x_wconf 81' lang='lat' dir='ltr'><strong>metricis</strong></span> <span class='ocrx_word' id='word_1_36' title='bbox 869 892 991 976; x_wconf 85' lang='lat' dir='ltr'><strong>legibus</strong></span> <span class='ocrx_word' id='word_1_37' title='bbox 1010 891 1179 971; x_wconf 83' lang='lat' dir='ltr'><strong>adstrictis,</strong></span> 
     </span>
    </p>
   </div>
   <div class='ocr_carea' id='block_1_4' title="bbox 140 992 1228 1081">
    <p class='ocr_par' dir='ltr' id='par_1_4' title="bbox 140 992 1228 1081">
     <span class='ocr_line' id='line_1_6' title="bbox 140 992 1228 1081; baseline 0.001 -26"><span class='ocrx_word' id='word_1_38' title='bbox 140 994 174 1055; x_wconf 86' lang='lat' dir='ltr'><strong>id</strong></span> <span class='ocrx_word' id='word_1_39' title='bbox 193 994 397 1056; x_wconf 87' lang='lat' dir='ltr'><strong>librariorum</strong></span> <span class='ocrx_word' id='word_1_40' title='bbox 418 997 530 1079; x_wconf 86' lang='lat' dir='ltr'><strong>culpae</strong></span> <span class='ocrx_word' id='word_1_41' title='bbox 552 996 663 1059; x_wconf 89' lang='lat' dir='ltr'><strong>deberi</strong></span> <span class='ocrx_word' id='word_1_42' title='bbox 681 996 924 1081; x_wconf 81' lang='lat' dir='ltr'><strong>haudquaquam</strong></span> <span class='ocrx_word' id='word_1_43' title='bbox 940 994 1043 1056; x_wconf 89' lang='lat' dir='ltr'><strong>adseri</strong></span> <span class='ocrx_word' id='word_1_44' title='bbox 1064 992 1179 1078; x_wconf 88' lang='lat' dir='ltr'><strong>possit,</strong></span> <span class='ocrx_word' id='word_1_45' title='bbox 1224 1006 1228 1011; x_wconf 87' lang='lat'>&#39;</span> 
     </span>
    </p>
   </div>
   <div class='ocr_carea' id='block_1_5' title="bbox 133 1098 1179 1875">
    <p class='ocr_par' dir='ltr' id='par_1_5' title="bbox 133 1098 1179 1875">
     <span class='ocr_line' id='line_1_7' title="bbox 140 1098 1178 1183; baseline 0.001 -24"><span class='ocrx_word' id='word_1_46' title='bbox 140 1099 216 1183; x_wconf 88' lang='lat' dir='ltr'><strong>quid</strong></span> <span class='ocrx_word' id='word_1_47' title='bbox 238 1112 295 1178; x_wconf 87' lang='lat' dir='ltr'><strong>est,</strong></span> <span class='ocrx_word' id='word_1_48' title='bbox 316 1120 373 1162; x_wconf 91' lang='lat' dir='ltr'><strong>cur</strong></span> <span class='ocrx_word' id='word_1_49' title='bbox 387 1101 572 1164; x_wconf 89' lang='lat' dir='ltr'><strong>Ciceronem</strong></span> <span class='ocrx_word' id='word_1_50' title='bbox 593 1101 632 1164; x_wconf 88' lang='lat' dir='ltr'><strong>ah</strong></span> <span class='ocrx_word' id='word_1_51' title='bbox 655 1101 739 1162; x_wconf 88' lang='lat' dir='ltr'><strong>illius</strong></span> <span class='ocrx_word' id='word_1_52' title='bbox 760 1122 820 1162; x_wconf 86' lang='lat' dir='ltr'><strong>usu</strong></span> <span class='ocrx_word' id='word_1_53' title='bbox 842 1099 1045 1162; x_wconf 79' lang='lat' dir='ltr'><strong>abhorruisse</strong></span> <span class='ocrx_word' id='word_1_54' title='bbox 1066 1098 1178 1160; x_wconf 86' lang='lat' dir='ltr'><strong>creda·</strong></span> 
     </span>
     <span class='ocr_line' id='line_1_8' title="bbox 140 1199 1179 1286; baseline 0 -26"><span class='ocrx_word' id='word_1_55' title='bbox 140 1199 231 1261; x_wconf 85' lang='lat' dir='ltr'><strong>mus?</strong></span> <span class='ocrx_word' id='word_1_56' title='bbox 272 1203 433 1263; x_wconf 88' lang='lat' dir='ltr'><strong>Locorum</strong></span> <span class='ocrx_word' id='word_1_57' title='bbox 452 1202 620 1286; x_wconf 89' lang='lat' dir='ltr'><strong>profecto,</strong></span> <span class='ocrx_word' id='word_1_58' title='bbox 650 1204 705 1265; x_wconf 89' lang='lat' dir='ltr'><strong>uhi</strong></span> <span class='ocrx_word' id='word_1_59' title='bbox 734 1202 814 1264; x_wconf 88' lang='lat' dir='ltr'><strong>illud</strong></span> <span class='ocrx_word' id='word_1_60' title='bbox 842 1216 874 1267; x_wconf 88' lang='lat' dir='ltr'><strong>et</strong></span> <span class='ocrx_word' id='word_1_61' title='bbox 891 1220 952 1286; x_wconf 93' lang='lat' dir='ltr'><strong>pro</strong></span> <span class='ocrx_word' id='word_1_62' title='bbox 973 1212 1066 1267; x_wconf 80' lang='lat' dir='ltr'><strong>etiem</strong></span> <span class='ocrx_word' id='word_1_63' title='bbox 1089 1199 1179 1285; x_wconf 87' lang='lat' dir='ltr'><strong>apud</strong></span> 
     </span>
     <span class='ocr_line' id='line_1_9' title="bbox 139 1290 1178 1389; baseline 0 -27"><span class='ocrx_word' id='word_1_64' title='bbox 139 1302 326 1366; x_wconf 87' lang='lat' dir='ltr'><strong>Ciceronem</strong></span> <span class='ocrx_word' id='word_1_65' title='bbox 347 1305 504 1382; x_wconf 89' lang='lat' dir='ltr'><strong>occurrit,</strong></span> <span class='ocrx_word' id='word_1_66' title='bbox 534 1326 683 1367; x_wconf 88' lang='lat' dir='ltr'><strong>numerus</strong></span> <span class='ocrx_word' id='word_1_67' title='bbox 704 1290 806 1366; x_wconf 85' lang='lat' dir='ltr'><strong>maior</strong></span> <span class='ocrx_word' id='word_1_68' title='bbox 827 1316 893 1382; x_wconf 90' lang='lat' dir='ltr'><strong>est,</strong></span> <span class='ocrx_word' id='word_1_69' title='bbox 926 1324 1019 1389; x_wconf 88' lang='lat' dir='ltr'><strong>quam</strong></span> <span class='ocrx_word' id='word_1_70' title='bbox 1043 1314 1079 1364; x_wconf 88' lang='lat' dir='ltr'><strong>ut</strong></span> <span class='ocrx_word' id='word_1_71' title='bbox 1100 1322 1178 1363; x_wconf 90' lang='lat' dir='ltr'><strong>con-</strong></span> 
     </span>
     <span class='ocr_line' id='line_1_10' title="bbox 138 1403 1177 1490; baseline -0.004 -24"><span class='ocrx_word' id='word_1_72' title='bbox 138 1403 211 1467; x_wconf 86' lang='lat' dir='ltr'><strong>cedi</strong></span> <span class='ocrx_word' id='word_1_73' title='bbox 231 1405 350 1488; x_wconf 84' lang='lat' dir='ltr'><strong>possit,</strong></span> <span class='ocrx_word' id='word_1_74' title='bbox 381 1405 467 1467; x_wconf 89' lang='lat' dir='ltr'><strong>illam</strong></span> <span class='ocrx_word' id='word_1_75' title='bbox 487 1407 674 1489; x_wconf 74' lang='lat' dir='ltr'><strong>particulam</strong></span> <span class='ocrx_word' id='word_1_76' title='bbox 695 1406 815 1490; x_wconf 85' lang='lat' dir='ltr'><strong>ubique</strong></span> <span class='ocrx_word' id='word_1_77' title='bbox 834 1428 852 1468; x_wconf 91' lang='lat' dir='ltr'><strong>a</strong></span> <span class='ocrx_word' id='word_1_78' title='bbox 873 1405 1011 1467; x_wconf 91' lang='lat' dir='ltr'><strong>librariis</strong></span> <span class='ocrx_word' id='word_1_79' title='bbox 1034 1424 1104 1467; x_wconf 86' lang='lat' dir='ltr'><strong>csse</strong></span> <span class='ocrx_word' id='word_1_80' title='bbox 1127 1403 1177 1463; x_wconf 91' lang='lat' dir='ltr'><strong>in-</strong></span> 
     </span>
     <span class='ocr_line' id='line_1_11' title="bbox 137 1504 1176 1592; baseline -0.002 -25"><span class='ocrx_word' id='word_1_81' title='bbox 137 1519 268 1568; x_wconf 86' lang='lat' dir='ltr'><strong>sertam:</strong></span> <span class='ocrx_word' id='word_1_82' title='bbox 291 1507 429 1591; x_wconf 86' lang='lat' dir='ltr'><strong>ideoque</strong></span> <span class='ocrx_word' id='word_1_83' title='bbox 450 1507 577 1569; x_wconf 89' lang='lat' dir='ltr'><strong>omuino</strong></span> <span class='ocrx_word' id='word_1_84' title='bbox 599 1508 763 1569; x_wconf 89' lang='lat' dir='ltr'><strong>retinenda</strong></span> <span class='ocrx_word' id='word_1_85' title='bbox 784 1520 878 1592; x_wconf 89' lang='lat' dir='ltr'><strong>atque</strong></span> <span class='ocrx_word' id='word_1_86' title='bbox 900 1507 1061 1569; x_wconf 89' lang='lat' dir='ltr'><strong>immutata</strong></span> <span class='ocrx_word' id='word_1_87' title='bbox 1075 1504 1176 1568; x_wconf 89' lang='lat' dir='ltr'><strong>relin-</strong></span> 
     </span>
     <span class='ocr_line' id='line_1_12' title="bbox 136 1605 1173 1691; baseline 0.001 -25"><span class='ocrx_word' id='word_1_88' title='bbox 136 1605 259 1690; x_wconf 86' lang='lat' dir='ltr'><strong>quenda</strong></span> <span class='ocrx_word' id='word_1_89' title='bbox 282 1619 346 1685; x_wconf 88' lang='lat' dir='ltr'><strong>est,</strong></span> <span class='ocrx_word' id='word_1_90' title='bbox 369 1607 455 1691; x_wconf 88' lang='lat' dir='ltr'><strong>quod</strong></span> <span class='ocrx_word' id='word_1_91' title='bbox 476 1627 604 1691; x_wconf 88' lang='lat' dir='ltr'><strong>quoque</strong></span> <span class='ocrx_word' id='word_1_92' title='bbox 626 1630 644 1670; x_wconf 91' lang='lat' dir='ltr'><strong>a</strong></span> <span class='ocrx_word' id='word_1_93' title='bbox 668 1616 776 1686; x_wconf 76' lang='lat' dir='ltr'><strong>Wolfio</strong></span> <span class='ocrx_word' id='word_1_94' title='bbox 796 1611 836 1676; x_wconf 86' lang='lat' dir='ltr'><strong>V.</strong></span> <span class='ocrx_word' id='word_1_95' title='bbox 859 1608 904 1669; x_wconf 91' lang='lat' dir='ltr'><strong>ill.</strong></span> <span class='ocrx_word' id='word_1_96' title='bbox 927 1609 959 1670; x_wconf 92' lang='lat' dir='ltr'><strong>in</strong></span> <span class='ocrx_word' id='word_1_97' title='bbox 982 1614 1076 1671; x_wconf 86' lang='lat' dir='ltr'><strong>Tusc.</strong></span> <span class='ocrx_word' id='word_1_98' title='bbox 1099 1629 1125 1670; x_wconf 88' lang='lat' dir='ltr'><strong>e.</strong></span> <span class='ocrx_word' id='word_1_99' title='bbox 1141 1628 1173 1691; x_wconf 78' lang='lat' dir='ltr'><strong>g.</strong></span> 
     </span>
     <span class='ocr_line' id='line_1_13' title="bbox 136 1708 1174 1803; baseline -0.006 -27"><span class='ocrx_word' id='word_1_100' title='bbox 136 1708 263 1803; x_wconf 78' lang='lat' dir='ltr'><strong>Quaest.</strong></span> <span class='ocrx_word' id='word_1_101' title='bbox 285 1709 346 1791; x_wconf 88' lang='grc' dir='ltr'>ΙΙΙ,</span> <span class='ocrx_word' id='word_1_102' title='bbox 368 1713 417 1781; x_wconf 86' lang='grc'><strong>19.</strong></span> <span class='ocrx_word' id='word_1_103' title='bbox 449 1711 586 1790; x_wconf 62' lang='lat' dir='ltr'><strong>(dmum</strong></span> <span class='ocrx_word' id='word_1_104' title='bbox 611 1720 767 1776; x_wconf 75' lang='lat' dir='ltr'><strong>eiileomec</strong></span> <span class='ocrx_word' id='word_1_105' title='bbox 793 1723 833 1777; x_wconf 79' lang='lat' dir='ltr'><strong>et</strong></span> <span class='ocrx_word' id='word_1_106' title='bbox 850 1715 930 1792; x_wconf 80' lang='lat' dir='ltr'><strong>cibi)</strong></span> <span class='ocrx_word' id='word_1_107' title='bbox 960 1709 1081 1775; x_wconf 84' lang='lat' dir='ltr'><strong>factum</strong></span> <span class='ocrx_word' id='word_1_108' title='bbox 1102 1728 1174 1772; x_wconf 85' lang='lat' dir='ltr'><strong>esse</strong></span> 
     </span>
     <span class='ocr_line' id='line_1_14' title="bbox 133 1809 286 1875; baseline 0 -2"><span class='ocrx_word' id='word_1_109' title='bbox 133 1809 286 1875; x_wconf 79' lang='lat' dir='ltr'><strong>videmus.</strong></span> 
     </span>
    </p>
   </div>
   <div class='ocr_carea' id='block_1_6' title="bbox 123 1912 1172 1999">
    <p class='ocr_par' dir='ltr' id='par_1_6' title="bbox 123 1912 1172 1999">
     <span class='ocr_line' id='line_1_15' title="bbox 123 1912 1172 1999; baseline 0 -25"><span class='ocrx_word' id='word_1_110' title='bbox 123 1982 128 1987; x_wconf 56' lang='grc'>,</span> <span class='ocrx_word' id='word_1_111' title='bbox 213 1915 272 1976; x_wconf 90' lang='lat' dir='ltr'><strong>His</strong></span> <span class='ocrx_word' id='word_1_112' title='bbox 301 1912 363 1975; x_wconf 89' lang='lat' dir='ltr'><strong>iam</strong></span> <span class='ocrx_word' id='word_1_113' title='bbox 392 1914 518 1999; x_wconf 84' lang='lat' dir='ltr'><strong>scriptis</strong></span> <span class='ocrx_word' id='word_1_114' title='bbox 547 1914 713 1979; x_wconf 86' lang='lat' dir='ltr'><strong>incidimus</strong></span> <span class='ocrx_word' id='word_1_115' title='bbox 742 1916 775 1977; x_wconf 91' lang='lat' dir='ltr'><strong>in</strong></span> <span class='ocrx_word' id='word_1_116' title='bbox 795 1923 970 1998; x_wconf 75' lang='lat' dir='ltr'><strong>Hottinyeri</strong></span> <span class='ocrx_word' id='word_1_117' title='bbox 998 1929 1104 1981; x_wconf 89' lang='lat' dir='ltr'><strong>notam</strong></span> <span class='ocrx_word' id='word_1_118' title='bbox 1131 1913 1172 1976; x_wconf 86' lang='lat' dir='ltr'><strong>ad</strong></span> 
     </span>
    </p>
   </div>
   <div class='ocr_carea' id='block_1_7' title="bbox 128 2014 1171 2305">
    <p class='ocr_par' dir='ltr' id='par_1_7' title="bbox 128 2014 1171 2305">
     <span class='ocr_line' id='line_1_16' title="bbox 132 2014 1171 2103; baseline 0.003 -27"><span class='ocrx_word' id='word_1_119' title='bbox 132 2014 234 2077; x_wconf 84' lang='lat' dir='ltr'><strong>Cicer.</strong></span> <span class='ocrx_word' id='word_1_120' title='bbox 256 2014 423 2087; x_wconf 74' lang='lat' dir='ltr'><strong>deDivin.</strong></span> <span class='ocrx_word' id='word_1_121' title='bbox 445 2017 478 2093; x_wconf 92' lang='lat'><strong>1,</strong></span> <span class='ocrx_word' id='word_1_122' title='bbox 497 2016 548 2083; x_wconf 81' lang='lat'><strong>55.</strong></span> <span class='ocrx_word' id='word_1_123' title='bbox 569 2037 602 2100; x_wconf 80' lang='lat' dir='ltr'><strong>p.</strong></span> <span class='ocrx_word' id='word_1_124' title='bbox 627 2015 705 2099; x_wconf 81' lang='lat'><strong>154,</strong></span> <span class='ocrx_word' id='word_1_125' title='bbox 732 2017 789 2078; x_wconf 87' lang='lat' dir='ltr'><strong>ubi</strong></span> <span class='ocrx_word' id='word_1_126' title='bbox 816 2021 856 2086; x_wconf 85' lang='lat' dir='ltr'><strong>V.</strong></span> <span class='ocrx_word' id='word_1_127' title='bbox 876 2019 932 2080; x_wconf 91' lang='lat' dir='ltr'><strong>ille</strong></span> <span class='ocrx_word' id='word_1_128' title='bbox 952 2019 1009 2081; x_wconf 90' lang='lat' dir='ltr'><strong>cel.</strong></span> <span class='ocrx_word' id='word_1_129' title='bbox 1038 2014 1171 2103; x_wconf 83' lang='lat' dir='ltr'><strong>profite-</strong></span> 
     </span>
     <span class='ocr_line' id='line_1_17' title="bbox 129 2117 1169 2204; baseline 0 -24"><span class='ocrx_word' id='word_1_130' title='bbox 129 2127 199 2193; x_wconf 83' lang='lat' dir='ltr'><strong>tur,</strong></span> <span class='ocrx_word' id='word_1_131' title='bbox 229 2138 264 2180; x_wconf 85' lang='lat' dir='ltr'><strong>se</strong></span> <span class='ocrx_word' id='word_1_132' title='bbox 292 2138 421 2202; x_wconf 90' lang='lat' dir='ltr'><strong>quoque</strong></span> <span class='ocrx_word' id='word_1_133' title='bbox 450 2117 495 2178; x_wconf 89' lang='lat' dir='ltr'><strong>eis</strong></span> <span class='ocrx_word' id='word_1_134' title='bbox 516 2138 580 2178; x_wconf 92' lang='lat' dir='ltr'><strong>non</strong></span> <span class='ocrx_word' id='word_1_135' title='bbox 600 2136 695 2201; x_wconf 89' lang='lat' dir='ltr'><strong>posse</strong></span> <span class='ocrx_word' id='word_1_136' title='bbox 715 2117 884 2200; x_wconf 80' lang='lat' dir='ltr'><strong>adsentiri,</strong></span> <span class='ocrx_word' id='word_1_137' title='bbox 915 2121 970 2204; x_wconf 85' lang='lat' dir='ltr'><strong>qui</strong></span> <span class='ocrx_word' id='word_1_138' title='bbox 995 2117 1035 2186; x_wconf 76' lang='lat' dir='ltr'><strong>rh</strong></span> <span class='ocrx_word' id='word_1_139' title='bbox 1058 2135 1090 2186; x_wconf 90' lang='lat' dir='ltr'><strong>et</strong></span> <span class='ocrx_word' id='word_1_140' title='bbox 1107 2140 1169 2203; x_wconf 89' lang='lat' dir='ltr'><strong>pro</strong></span> 
     </span>
     <span class='ocr_line' id='line_1_18' title="bbox 128 2219 1169 2305; baseline 0 -21"><span class='ocrx_word' id='word_1_141' title='bbox 128 2229 222 2284; x_wconf 75' lang='lat' dir='ltr'><strong>etiam</strong></span> <span class='ocrx_word' id='word_1_142' title='bbox 249 2219 424 2282; x_wconf 87' lang='lat' dir='ltr'><strong>adhibitum</strong></span> <span class='ocrx_word' id='word_1_143' title='bbox 444 2239 462 2282; x_wconf 94' lang='lat' dir='ltr'><strong>e</strong></span> <span class='ocrx_word' id='word_1_144' title='bbox 485 2219 648 2282; x_wconf 87' lang='lat' dir='ltr'><strong>Ciceronis</strong></span> <span class='ocrx_word' id='word_1_145' title='bbox 678 2220 804 2303; x_wconf 85' lang='lat' dir='ltr'><strong>scriptis</strong></span> <span class='ocrx_word' id='word_1_146' title='bbox 824 2234 937 2305; x_wconf 88' lang='lat' dir='ltr'><strong>putent</strong></span> <span class='ocrx_word' id='word_1_147' title='bbox 959 2223 1169 2285; x_wconf 88' lang='lat' dir='ltr'><strong>exterminan-</strong></span> 
     </span>
    </p>
   </div>
   <div class='ocr_carea' id='block_1_8' title="bbox 78 2319 1169 2407">
    <p class='ocr_par' dir='ltr' id='par_1_8' title="bbox 78 2319 1169 2407">
     <span class='ocr_line' id='line_1_19' title="bbox 78 2319 1169 2407; baseline 0.006 -26"><span class='ocrx_word' id='word_1_148' title='bbox 78 2387 82 2394; x_wconf 60' lang='grc'>,</span> <span class='ocrx_word' id='word_1_149' title='bbox 129 2319 213 2382; x_wconf 87' lang='lat' dir='ltr'><strong>dum.</strong></span> <span class='ocrx_word' id='word_1_150' title='bbox 262 2321 314 2383; x_wconf 87' lang='lat' dir='ltr'><strong>Ad</strong></span> <span class='ocrx_word' id='word_1_151' title='bbox 342 2321 420 2384; x_wconf 88' lang='lat' dir='ltr'><strong>haec</strong></span> <span class='ocrx_word' id='word_1_152' title='bbox 449 2320 598 2383; x_wconf 89' lang='lat' dir='ltr'><strong>nimirum</strong></span> <span class='ocrx_word' id='word_1_153' title='bbox 621 2320 738 2400; x_wconf 85' lang='lat' dir='ltr'><strong>verba,</strong></span> <span class='ocrx_word' id='word_1_154' title='bbox 768 2332 818 2388; x_wconf 79' lang='lat' dir='ltr'><strong>Ilo</strong></span> <span class='ocrx_word' id='word_1_155' title='bbox 837 2329 889 2407; x_wconf 69' lang='lat' dir='ltr'><strong>(it,</strong></span> <span class='ocrx_word' id='word_1_156' title='bbox 915 2338 953 2389; x_wconf 82' lang='lat' dir='ltr'><strong>ot</strong></span> <span class='ocrx_word' id='word_1_157' title='bbox 971 2337 1003 2389; x_wconf 87' lang='lat' dir='ltr'><strong>et</strong></span> <span class='ocrx_word' id='word_1_158' title='bbox 1022 2333 1169 2390; x_wconf 77' lang='lat' dir='ltr'><strong>obserer-</strong></span> 
     </span>
    </p>
   </div>
   <div class='ocr_carea' id='block_1_9' title="bbox 126 2431 1169 2709">
    <p class='ocr_par' dir='ltr' id='par_1_9' title="bbox 126 2431 1169 2709">
     <span class='ocr_line' id='line_1_20' title="bbox 129 2431 1169 2507; baseline 0.005 -21"><span class='ocrx_word' id='word_1_159' title='bbox 129 2431 210 2487; x_wconf 76' lang='lat' dir='ltr'><strong>tione</strong></span> <span class='ocrx_word' id='word_1_160' title='bbox 229 2432 334 2487; x_wconf 82' lang='lat' dir='ltr'><strong>notari</strong></span> <span class='ocrx_word' id='word_1_161' title='bbox 349 2431 464 2505; x_wconf 77' lang='lat' dir='ltr'><strong>possit,</strong></span> <span class='ocrx_word' id='word_1_162' title='bbox 488 2445 571 2502; x_wconf 68' lang='lat' dir='ltr'><strong>noae</strong></span> <span class='ocrx_word' id='word_1_163' title='bbox 591 2445 642 2486; x_wconf 87' lang='lat' dir='ltr'><strong>res</strong></span> <span class='ocrx_word' id='word_1_164' title='bbox 670 2446 820 2503; x_wconf 78' lang='lat' dir='ltr'><strong>quomque</strong></span> <span class='ocrx_word' id='word_1_165' title='bbox 847 2448 973 2489; x_wconf 81' lang='lat' dir='ltr'><strong>eausam</strong></span> <span class='ocrx_word' id='word_1_166' title='bbox 990 2436 1169 2507; x_wconf 80' lang='lat' dir='ltr'><strong>plerumque</strong></span> 
     </span>
     <span class='ocr_line' id='line_1_21' title="bbox 128 2522 1167 2617; baseline 0.002 -30"><span class='ocrx_word' id='word_1_167' title='bbox 128 2536 351 2607; x_wconf 74' lang='lat' dir='ltr'><strong>consequatur,</strong></span> <span class='ocrx_word' id='word_1_168' title='bbox 373 2522 487 2617; x_wconf 77' lang='lat' dir='ltr'><strong>»Quod</strong></span> <span class='ocrx_word' id='word_1_169' title='bbox 509 2543 592 2589; x_wconf 86' lang='lat' dir='ltr'><strong>nunc</strong></span> <span class='ocrx_word' id='word_1_170' title='bbox 610 2523 718 2601; x_wconf 85' lang='lat' dir='ltr'><strong>multi,</strong></span> <span class='ocrx_word' id='word_1_171' title='bbox 740 2524 862 2607; x_wconf 85' lang='lat' dir='ltr'><strong>inquit,</strong></span> <span class='ocrx_word' id='word_1_172' title='bbox 883 2538 957 2609; x_wconf 87' lang='lat' dir='ltr'><strong>post</strong></span> <span class='ocrx_word' id='word_1_173' title='bbox 979 2529 1091 2595; x_wconf 86' lang='lat' dir='ltr'><strong>Vallae</strong></span> <span class='ocrx_word' id='word_1_174' title='bbox 1112 2528 1167 2589; x_wconf 84' lang='lat' dir='ltr'><strong>ad·</strong></span> 
     </span>
     <span class='ocr_line' id='line_1_22' title="bbox 126 2624 1165 2709; baseline 0.004 -22"><span class='ocrx_word' id='word_1_175' title='bbox 126 2625 354 2705; x_wconf 86' lang='lat' dir='ltr'><strong>monitionem,</strong></span> <span class='ocrx_word' id='word_1_176' title='bbox 385 2625 480 2687; x_wconf 83' lang='lat' dir='ltr'><strong>istum</strong></span> <span class='ocrx_word' id='word_1_177' title='bbox 506 2624 599 2688; x_wconf 85' lang='lat' dir='ltr'><strong>huius</strong></span> <span class='ocrx_word' id='word_1_178' title='bbox 627 2625 804 2709; x_wconf 85' lang='lat' dir='ltr'><strong>particulae</strong></span> <span class='ocrx_word' id='word_1_179' title='bbox 833 2649 925 2688; x_wconf 86' lang='lat' dir='ltr'><strong>usum</strong></span> <span class='ocrx_word' id='word_1_180' title='bbox 955 2628 987 2689; x_wconf 89' lang='lat' dir='ltr'><strong>in</strong></span> <span class='ocrx_word' id='word_1_181' title='bbox 1009 2630 1165 2692; x_wconf 86' lang='lat' dir='ltr'><strong>Cicerone</strong></span> 
     </span>
    </p>
   </div>
   <div class='ocr_carea' id='block_1_10' title="bbox 69 2714 1165 2813">
    <p class='ocr_par' dir='ltr' id='par_1_10' title="bbox 69 2714 1165 2813">
     <span class='ocr_line' id='line_1_23' title="bbox 69 2714 1165 2813; baseline 0.005 -26"><span class='ocrx_word' id='word_1_182' title='bbox 69 2762 72 2769; x_wconf 43' lang='grc' dir='ltr'>ι</span> <span class='ocrx_word' id='word_1_183' title='bbox 126 2726 244 2791; x_wconf 86' lang='lat' dir='ltr'><strong>hahent</strong></span> <span class='ocrx_word' id='word_1_184' title='bbox 264 2714 461 2812; x_wconf 84' lang='lat' dir='ltr'><strong>suspeetuni,</strong></span> <span class='ocrx_word' id='word_1_185' title='bbox 492 2728 640 2812; x_wconf 86' lang='lat' dir='ltr'><strong>equidem</strong></span> <span class='ocrx_word' id='word_1_186' title='bbox 663 2748 735 2790; x_wconf 90' lang='lat' dir='ltr'><strong>cum</strong></span> <span class='ocrx_word' id='word_1_187' title='bbox 757 2728 795 2788; x_wconf 90' lang='lat' dir='ltr'><strong>iis</strong></span> <span class='ocrx_word' id='word_1_188' title='bbox 822 2750 874 2791; x_wconf 88' lang='lat' dir='ltr'><strong>me</strong></span> <span class='ocrx_word' id='word_1_189' title='bbox 896 2750 960 2791; x_wconf 90' lang='lat' dir='ltr'><strong>non</strong></span> <span class='ocrx_word' id='word_1_190' title='bbox 980 2752 1074 2813; x_wconf 89' lang='lat' dir='ltr'><strong>posse</strong></span> <span class='ocrx_word' id='word_1_191' title='bbox 1093 2751 1165 2793; x_wconf 90' lang='lat' dir='ltr'><strong>sen-</strong></span> 
     </span>
    </p>
   </div>
   <div class='ocr_carea' id='block_1_11' title="bbox 124 2827 1167 3324">
    <p class='ocr_par' dir='ltr' id='par_1_11' title="bbox 124 2827 1167 3324">
     <span class='ocr_line' id='line_1_24' title="bbox 126 2827 1166 2917; baseline 0.005 -26"><span class='ocrx_word' id='word_1_192' title='bbox 126 2831 187 2892; x_wconf 91' lang='lat' dir='ltr'><strong>tire</strong></span> <span class='ocrx_word' id='word_1_193' title='bbox 216 2831 352 2913; x_wconf 80' lang='lat' dir='ltr'><strong>ingenue</strong></span> <span class='ocrx_word' id='word_1_194' title='bbox 377 2827 542 2913; x_wconf 83' lang='lat' dir='ltr'><strong>profiteor.</strong></span> <span class='ocrx_word' id='word_1_195' title='bbox 594 2827 675 2891; x_wconf 85' lang='lat' dir='ltr'><strong>Satis</strong></span> <span class='ocrx_word' id='word_1_196' title='bbox 698 2829 783 2890; x_wconf 86' lang='lat' dir='ltr'><strong>enim</strong></span> <span class='ocrx_word' id='word_1_197' title='bbox 804 2852 922 2914; x_wconf 63' lang='lat' dir='ltr'><strong>:magna</strong></span> <span class='ocrx_word' id='word_1_198' title='bbox 945 2830 1166 2917; x_wconf 85' lang='lat' dir='ltr'><strong>exemplorum</strong></span> 
     </span>
     <span class='ocr_line' id='line_1_25' title="bbox 126 2930 1167 3017; baseline 0.006 -25"><span class='ocrx_word' id='word_1_199' title='bbox 126 2932 217 3015; x_wconf 91' lang='lat' dir='ltr'><strong>eopia</strong></span> <span class='ocrx_word' id='word_1_200' title='bbox 238 2930 443 2994; x_wconf 75' lang='lat' dir='ltr'><strong>reselluntur:</strong></span> <span class='ocrx_word' id='word_1_201' title='bbox 465 2953 559 3017; x_wconf 89' lang='lat' dir='ltr'><strong>quam</strong></span> <span class='ocrx_word' id='word_1_202' title='bbox 581 2951 733 3015; x_wconf 85' lang='lat' dir='ltr'><strong>spernere</strong></span> <span class='ocrx_word' id='word_1_203' title='bbox 754 2950 818 3015; x_wconf 88' lang='lat' dir='ltr'><strong>quo</strong></span> <span class='ocrx_word' id='word_1_204' title='bbox 836 2933 932 2994; x_wconf 89' lang='lat' dir='ltr'><strong>modo</strong></span> <span class='ocrx_word' id='word_1_205' title='bbox 945 2935 1078 3017; x_wconf 83' lang='lat' dir='ltr'><strong>possint,</strong></span> <span class='ocrx_word' id='word_1_206' title='bbox 1100 2957 1167 2998; x_wconf 89' lang='lat' dir='ltr'><strong>nou</strong></span> 
     </span>
     <span class='ocr_line' id='line_1_26' title="bbox 124 3032 1164 3120; baseline 0 -21"><span class='ocrx_word' id='word_1_207' title='bbox 124 3033 238 3112; x_wconf 81' lang='lat' dir='ltr'><strong>video,</strong></span> <span class='ocrx_word' id='word_1_208' title='bbox 268 3034 328 3096; x_wconf 89' lang='lat' dir='ltr'><strong>nisi</strong></span> <span class='ocrx_word' id='word_1_209' title='bbox 352 3056 425 3096; x_wconf 88' lang='lat' dir='ltr'><strong>sana</strong></span> <span class='ocrx_word' id='word_1_210' title='bbox 448 3035 577 3120; x_wconf 84' lang='lat' dir='ltr'><strong>quaevis</strong></span> <span class='ocrx_word' id='word_1_211' title='bbox 599 3033 651 3098; x_wconf 83' lang='lat' dir='ltr'><strong>vel</strong></span> <span class='ocrx_word' id='word_1_212' title='bbox 673 3032 778 3095; x_wconf 86' lang='lat' dir='ltr'><strong>invitis</strong></span> <span class='ocrx_word' id='word_1_213' title='bbox 800 3033 891 3095; x_wconf 85' lang='lat' dir='ltr'><strong>codd.</strong></span> <span class='ocrx_word' id='word_1_214' title='bbox 913 3048 1055 3115; x_wconf 89' lang='lat' dir='ltr'><strong>mutare,</strong></span> <span class='ocrx_word' id='word_1_215' title='bbox 1087 3037 1164 3099; x_wconf 86' lang='lat' dir='ltr'><strong>reli-</strong></span> 
     </span>
     <span class='ocr_line' id='line_1_27' title="bbox 124 3136 1163 3220; baseline 0.002 -23"><span class='ocrx_word' id='word_1_216' title='bbox 124 3136 211 3218; x_wconf 80' lang='lat' dir='ltr'><strong>gioni</strong></span> <span class='ocrx_word' id='word_1_217' title='bbox 231 3157 295 3199; x_wconf 89' lang='lat' dir='ltr'><strong>non</strong></span> <span class='ocrx_word' id='word_1_218' title='bbox 316 3138 442 3200; x_wconf 84' lang='lat' dir='ltr'><strong>ducant.</strong></span> <span class='ocrx_word' id='word_1_219' title='bbox 493 3140 572 3198; x_wconf 89' lang='lat' dir='ltr'><strong>Nam</strong></span> <span class='ocrx_word' id='word_1_220' title='bbox 600 3136 723 3220; x_wconf 89' lang='lat' dir='ltr'><strong>quoties</strong></span> <span class='ocrx_word' id='word_1_221' title='bbox 743 3137 774 3195; x_wconf 91' lang='lat' dir='ltr'><strong>in</strong></span> <span class='ocrx_word' id='word_1_222' title='bbox 798 3136 860 3197; x_wconf 89' lang='lat' dir='ltr'><strong>hoc</strong></span> <span class='ocrx_word' id='word_1_223' title='bbox 887 3136 956 3220; x_wconf 86' lang='lat' dir='ltr'><strong>ipso</strong></span> <span class='ocrx_word' id='word_1_224' title='bbox 981 3148 1018 3203; x_wconf 79' lang='lat' dir='ltr'><strong>de</strong></span> <span class='ocrx_word' id='word_1_225' title='bbox 1038 3151 1163 3207; x_wconf 79' lang='lat' dir='ltr'><strong>diuino-</strong></span> 
     </span>
     <span class='ocr_line' id='line_1_28' title="bbox 124 3238 1162 3324; baseline 0.005 -24"><span class='ocrx_word' id='word_1_226' title='bbox 124 3247 205 3302; x_wconf 82' lang='lat' dir='ltr'><strong>ts’eoe</strong></span> <span class='ocrx_word' id='word_1_227' title='bbox 233 3238 317 3300; x_wconf 86' lang='lat' dir='ltr'><strong>libro</strong></span> <span class='ocrx_word' id='word_1_228' title='bbox 346 3240 450 3323; x_wconf 87' lang='lat' dir='ltr'><strong>primo</strong></span> <span class='ocrx_word' id='word_1_229' title='bbox 479 3252 511 3303; x_wconf 85' lang='lat' dir='ltr'><strong>et</strong></span> <span class='ocrx_word' id='word_1_230' title='bbox 536 3260 595 3322; x_wconf 87' lang='lat' dir='ltr'><strong>pro</strong></span> <span class='ocrx_word' id='word_1_231' title='bbox 625 3249 716 3303; x_wconf 73' lang='lat' dir='ltr'><strong>etmm</strong></span> <span class='ocrx_word' id='word_1_232' title='bbox 743 3238 897 3321; x_wconf 87' lang='lat' dir='ltr'><strong>scriptum</strong></span> <span class='ocrx_word' id='word_1_233' title='bbox 918 3241 1096 3324; x_wconf 83' lang='lat' dir='ltr'><strong>legimus!‹&lt;</strong></span> <span class='ocrx_word' id='word_1_234' title='bbox 1118 3282 1162 3292; x_wconf 91' lang='lat'>—</span> 
     </span>
    </p>
   </div>
   <div class='ocr_carea' id='block_1_12' title="bbox 57 3337 1160 3425">
    <p class='ocr_par' dir='ltr' id='par_1_12' title="bbox 57 3337 1160 3425">
     <span class='ocr_line' id='line_1_29' title="bbox 57 3337 1160 3425; baseline 0.006 -24"><span class='ocrx_word' id='word_1_235' title='bbox 57 3384 73 3401; x_wconf 54' lang='lat' dir='ltr'><strong>a</strong></span> <span class='ocrx_word' id='word_1_236' title='bbox 124 3337 172 3401; x_wconf 85' lang='lat' dir='ltr'><strong>Cf.</strong></span> <span class='ocrx_word' id='word_1_237' title='bbox 195 3360 279 3401; x_wconf 91' lang='lat' dir='ltr'><strong>nunc</strong></span> <span class='ocrx_word' id='word_1_238' title='bbox 301 3362 428 3425; x_wconf 85' lang='lat' dir='ltr'><strong>quoque</strong></span> <span class='ocrx_word' id='word_1_239' title='bbox 442 3341 618 3402; x_wconf 88' lang='lat' dir='ltr'><strong>Creuzerus</strong></span> <span class='ocrx_word' id='word_1_240' title='bbox 642 3341 680 3404; x_wconf 84' lang='lat' dir='ltr'><strong>V.</strong></span> <span class='ocrx_word' id='word_1_241' title='bbox 698 3340 741 3399; x_wconf 90' lang='lat' dir='ltr'><strong>ill.</strong></span> <span class='ocrx_word' id='word_1_242' title='bbox 764 3341 803 3400; x_wconf 91' lang='lat' dir='ltr'><strong>ad</strong></span> <span class='ocrx_word' id='word_1_243' title='bbox 827 3342 892 3404; x_wconf 88' lang='lat' dir='ltr'><strong>Cic.</strong></span> <span class='ocrx_word' id='word_1_244' title='bbox 915 3342 954 3403; x_wconf 87' lang='lat' dir='ltr'><strong>de</strong></span> <span class='ocrx_word' id='word_1_245' title='bbox 976 3347 1045 3406; x_wconf 86' lang='lat' dir='ltr'><strong>Nat.</strong></span> <span class='ocrx_word' id='word_1_246' title='bbox 1057 3346 1160 3408; x_wconf 88' lang='lat' dir='ltr'><strong>Deor.</strong></span> 
     </span>
    </p>
   </div>
   <div class='ocr_carea' id='block_1_13' title="bbox 121 3439 1159 3947">
    <p class='ocr_par' dir='ltr' id='par_1_13' title="bbox 121 3439 1159 3947">
     <span class='ocr_line' id='line_1_30' title="bbox 121 3439 1159 3533; baseline 0.014 -35"><span class='ocrx_word' id='word_1_247' title='bbox 121 3440 153 3518; x_wconf 88' lang='lat'><strong>1,</strong></span> <span class='ocrx_word' id='word_1_248' title='bbox 173 3442 230 3518; x_wconf 85' lang='lat'><strong>39,</strong></span> <span class='ocrx_word' id='word_1_249' title='bbox 252 3439 307 3501; x_wconf 91' lang='lat' dir='ltr'><strong>ubi</strong></span> <span class='ocrx_word' id='word_1_250' title='bbox 324 3440 440 3503; x_wconf 85' lang='lat' dir='ltr'><strong>haecce</strong></span> <span class='ocrx_word' id='word_1_251' title='bbox 462 3443 625 3524; x_wconf 78' lang='lat' dir='ltr'><strong>leguntur:</strong></span> <span class='ocrx_word' id='word_1_252' title='bbox 650 3450 799 3516; x_wconf 72' lang='lat' dir='ltr'><strong>(insoniam</strong></span> <span class='ocrx_word' id='word_1_253' title='bbox 819 3458 991 3509; x_wconf 74' lang='lat' dir='ltr'><strong>emerentur</strong></span> <span class='ocrx_word' id='word_1_254' title='bbox 1012 3457 1045 3510; x_wconf 82' lang='lat' dir='ltr'><strong>in</strong></span> <span class='ocrx_word' id='word_1_255' title='bbox 1061 3461 1159 3533; x_wconf 84' lang='lat' dir='ltr'><strong>terra,</strong></span> 
     </span>
     <span class='ocr_line' id='line_1_31' title="bbox 122 3544 1159 3628; baseline 0.006 -22"><span class='ocrx_word' id='word_1_256' title='bbox 122 3556 292 3608; x_wconf 76' lang='lat' dir='ltr'><strong>noscamur</strong></span> <span class='ocrx_word' id='word_1_257' title='bbox 314 3557 353 3608; x_wconf 86' lang='lat' dir='ltr'><strong>et</strong></span> <span class='ocrx_word' id='word_1_258' title='bbox 371 3554 405 3608; x_wconf 83' lang='lat' dir='ltr'><strong>s&#39;o</strong></span> <span class='ocrx_word' id='word_1_259' title='bbox 423 3568 510 3624; x_wconf 74' lang='lat' dir='ltr'><strong>oque.</strong></span> <span class='ocrx_word' id='word_1_260' title='bbox 553 3544 754 3607; x_wconf 82' lang='lat' dir='ltr'><strong>Heindoriius</strong></span> <span class='ocrx_word' id='word_1_261' title='bbox 775 3547 901 3628; x_wconf 87' lang='lat' dir='ltr'><strong>quidem</strong></span> <span class='ocrx_word' id='word_1_262' title='bbox 918 3546 1018 3610; x_wconf 88' lang='lat' dir='ltr'><strong>hocce</strong></span> <span class='ocrx_word' id='word_1_263' title='bbox 1038 3563 1069 3613; x_wconf 90' lang='lat' dir='ltr'><strong>et</strong></span> <span class='ocrx_word' id='word_1_264' title='bbox 1090 3573 1159 3612; x_wconf 91' lang='lat' dir='ltr'><strong>mu-</strong></span> 
     </span>
     <span class='ocr_line' id='line_1_32' title="bbox 122 3645 1158 3732; baseline 0.011 -28"><span class='ocrx_word' id='word_1_265' title='bbox 122 3645 200 3706; x_wconf 78' lang='lat' dir='ltr'><strong>tavit</strong></span> <span class='ocrx_word' id='word_1_266' title='bbox 219 3645 251 3705; x_wconf 90' lang='lat' dir='ltr'><strong>in</strong></span> <span class='ocrx_word' id='word_1_267' title='bbox 272 3656 379 3729; x_wconf 83' lang='lat' dir='ltr'><strong>etiem,</strong></span> <span class='ocrx_word' id='word_1_268' title='bbox 411 3647 501 3730; x_wconf 85' lang='lat' dir='ltr'><strong>quia,</strong></span> <span class='ocrx_word' id='word_1_269' title='bbox 532 3660 567 3707; x_wconf 92' lang='lat' dir='ltr'><strong>ut</strong></span> <span class='ocrx_word' id='word_1_270' title='bbox 592 3648 659 3729; x_wconf 88' lang='lat' dir='ltr'><strong>ipso</strong></span> <span class='ocrx_word' id='word_1_271' title='bbox 682 3646 842 3725; x_wconf 86' lang='lat' dir='ltr'><strong>adfirmat,</strong></span> <span class='ocrx_word' id='word_1_272' title='bbox 864 3650 1003 3710; x_wconf 89' lang='lat' dir='ltr'><strong>nondum</strong></span> <span class='ocrx_word' id='word_1_273' title='bbox 1024 3665 1158 3732; x_wconf 89' lang='lat' dir='ltr'><strong>constet,</strong></span> 
     </span>
     <span class='ocr_line' id='line_1_33' title="bbox 121 3747 1155 3834; baseline 0.009 -26"><span class='ocrx_word' id='word_1_274' title='bbox 121 3759 151 3809; x_wconf 87' lang='lat' dir='ltr'><strong>et</strong></span> <span class='ocrx_word' id='word_1_275' title='bbox 172 3769 189 3807; x_wconf 89' lang='lat' dir='ltr'><strong>a</strong></span> <span class='ocrx_word' id='word_1_276' title='bbox 211 3747 365 3808; x_wconf 85' lang='lat' dir='ltr'><strong>Cicerone</strong></span> <span class='ocrx_word' id='word_1_277' title='bbox 387 3747 534 3832; x_wconf 68' lang='lat' dir='ltr'><strong>positum,</strong></span> <span class='ocrx_word' id='word_1_278' title='bbox 547 3768 614 3809; x_wconf 89' lang='lat' dir='ltr'><strong>esse</strong></span> <span class='ocrx_word' id='word_1_279' title='bbox 635 3770 695 3831; x_wconf 91' lang='lat' dir='ltr'><strong>pro</strong></span> <span class='ocrx_word' id='word_1_280' title='bbox 717 3761 825 3834; x_wconf 82' lang='lat' dir='ltr'><strong>etiom;</strong></span> <span class='ocrx_word' id='word_1_281' title='bbox 869 3751 1046 3815; x_wconf 86' lang='lat' dir='ltr'><strong>Creuzerus</strong></span> <span class='ocrx_word' id='word_1_282' title='bbox 1075 3775 1155 3817; x_wconf 85' lang='lat' dir='ltr'><strong>vcro</strong></span> 
     </span>
     <span class='ocr_line' id='line_1_34' title="bbox 122 3846 1155 3947; baseline 0.011 -41"><span class='ocrx_word' id='word_1_283' title='bbox 122 3846 241 3927; x_wconf 89' lang='lat' dir='ltr'><strong>optimo</strong></span> <span class='ocrx_word' id='word_1_284' title='bbox 271 3848 340 3911; x_wconf 90' lang='lat' dir='ltr'><strong>iure</strong></span> <span class='ocrx_word' id='word_1_285' title='bbox 369 3870 387 3909; x_wconf 86' lang='lat' dir='ltr'><strong>a</strong></span> <span class='ocrx_word' id='word_1_286' title='bbox 416 3849 565 3912; x_wconf 86' lang='lat' dir='ltr'><strong>mutando</strong></span> <span class='ocrx_word' id='word_1_287' title='bbox 593 3850 750 3914; x_wconf 87' lang='lat' dir='ltr'><strong>abstinuit.</strong></span> <span class='ocrx_word' id='word_1_288' title='bbox 801 3853 890 3947; x_wconf 79' lang='lat' dir='ltr'><strong>Quot</strong></span> <span class='ocrx_word' id='word_1_289' title='bbox 912 3853 1099 3916; x_wconf 86' lang='lat' dir='ltr'><strong>mutationes</strong></span> <span class='ocrx_word' id='word_1_290' title='bbox 1121 3855 1155 3917; x_wconf 94' lang='lat' dir='ltr'><strong>iu</strong></span> 
     </span>
    </p>
   </div>
   <div class='ocr_carea' id='block_1_14' title="bbox 122 3983 339 4002">
    <p class='ocr_par' dir='ltr' id='par_1_14' title="bbox 122 3983 339 4002">
     <span class='ocr_line' id='line_1_35' title="bbox 122 3983 339 4002; baseline 0.018 -4"><span class='ocrx_word' id='word_1_291' title='bbox 122 3983 339 4002; x_wconf 45' lang='grc' dir='ltr'><strong>Μ</strong></span> 
     </span>
    </p>
   </div>
   <div class='ocr_carea' id='block_1_15' title="bbox 186 4078 1151 4152">
    <p class='ocr_par' dir='ltr' id='par_1_15' title="bbox 186 4078 1151 4152">
     <span class='ocr_line' id='line_1_36' title="bbox 186 4078 1151 4152; baseline 0.009 -20"><span class='ocrx_word' id='word_1_292' title='bbox 186 4078 628 4151; x_wconf 74' lang='lat' dir='ltr'><strong>ltvtu.1101.0d.1,4‚11.</strong></span> <span class='ocrx_word' id='word_1_293' title='bbox 663 4084 694 4150; x_wconf 84' lang='lat'><strong>1,</strong></span> <span class='ocrx_word' id='word_1_294' title='bbox 719 4083 814 4150; x_wconf 78' lang='lat'><strong>9,21.</strong></span> <span class='ocrx_word' id='word_1_295' title='bbox 851 4083 1015 4152; x_wconf 76' lang='lat' dir='ltr'><strong>1,1o‚1o</strong></span> <span class='ocrx_word' id='word_1_296' title='bbox 1046 4086 1079 4151; x_wconf 91' lang='lat'><strong>1,</strong></span> <span class='ocrx_word' id='word_1_297' title='bbox 1105 4084 1151 4151; x_wconf 79' lang='lat'><strong>28,</strong></span> 
     </span>
    </p>
   </div>
   <div class='ocr_carea' id='block_1_16' title="bbox 64 4136 205 4220">
    <p class='ocr_par' dir='ltr' id='par_1_16' title="bbox 64 4136 205 4220">
     <span class='ocr_line' id='line_1_37' title="bbox 64 4136 205 4220; baseline 0.014 -2"><span class='ocrx_word' id='word_1_298' title='bbox 64 4136 69 4147; x_wconf 27' lang='grc' dir='ltr'><strong><em>ι</em></strong></span> <span class='ocrx_word' id='word_1_299' title='bbox 117 4164 135 4218; x_wconf 79' lang='lat' dir='ltr'><strong>t</strong></span> <span class='ocrx_word' id='word_1_300' title='bbox 153 4170 205 4220; x_wconf 82' lang='lat' dir='ltr'><strong>etc.</strong></span> 
     </span>
    </p>
   </div>
   <div class='ocr_carea' id='block_1_17' title="bbox 30 4360 150 4520">
    <p class='ocr_par' dir='ltr' id='par_1_17' title="bbox 30 4360 150 4520">
     <span class='ocr_line' id='line_1_38' title="bbox 30 4360 150 4520; baseline 0.008 -86"><span class='ocrx_word' id='word_1_301' title='bbox 30 4360 150 4520; x_wconf 70' lang='lat'><strong>,..</strong></span> 
     </span>
    </p>
   </div>
   <div class='ocr_carea' id='block_1_18' title="bbox 1172 4252 1186 4287">
    <p class='ocr_par' dir='ltr' id='par_1_18' title="bbox 1172 4252 1186 4287">
     <span class='ocr_line' id='line_1_39' title="bbox 1172 4252 1186 4287; baseline 0 -6"><span class='ocrx_word' id='word_1_302' title='bbox 1172 4252 1186 4287; x_wconf 62' lang='lat' dir='ltr'>j</span> 
     </span>
    </p>
   </div>
   <div class='ocr_carea' id='block_1_19' title="bbox 0 0 1312 4814">
    <p class='ocr_par' dir='ltr' id='par_1_19' title="bbox 0 0 1312 4814">
     <span class='ocr_line' id='line_1_40' title="bbox 0 0 1312 4814; baseline 0 4"><span class='ocrx_word' id='word_1_303' title='bbox 0 0 1312 4814; x_wconf 95' lang='lat' dir='ltr'><strong> </strong></span> 
     </span>
    </p>
   </div>
  </div>
 </body>
</html>
