2616 4814
541 423 713 483 Coum.
726 426 774 481 lll.
1122 424 1178 483 lto

136 576 225 657 latur
245 593 331 658 enirn
359 591 404 656 its
423 589 479 654 ills
498 587 687 655 substantivi
706 586 828 666 forms,
861 608 925 673 qus
944 608 1018 652 eum
1036 593 1177 674 compel-

136 696 259 775 lamus,
293 716 365 758 eum
396 712 460 777 quo
487 712 666 755 sermonem
693 690 927 755 communicare
945 694 1110 772 volumus,
1142 708 1177 760 et

136 798 186 861 ad.
204 818 301 883 quem
328 795 506 859 orationem
531 807 674 858 nostram
702 794 870 877 dirigimus
892 794 935 876 ¹).
984 799 1053 857 Hae
1072 796 1176 861 forms

134 900 251 983 igitur,
287 919 382 983 quam
405 916 533 981 quoque
555 894 759 960 Grammatici
787 915 850 957 non
872 896 940 958 sine
962 897 1083 980 optimo
1104 899 1176 962 iure

135 1021 244 1066 casum
272 998 440 1063 secundae·
461 1017 617 1080 personae
643 998 844 1060 nominarunt
855 998 909 1078 2),
941 1017 996 1076 ea,
1029 1012 1064 1060 ut
1082 1021 1176 1083 prae.

134 1105 222 1168 elene
252 1104 315 1166 iam
344 1099 531 1164 observavit
555 1099 614 1162 cel.
635 1102 852 1177 Hermannua,
885 1096 1075 1181 exprimitur
1094 1103 1177 1165 rela-

133 1206 201 1285 tio,
222 1225 305 1289 quae
326 1203 410 1264 inter
429 1201 593 1266 notionem
614 1203 752 1287 aliquam
767 1213 862 1285 atque
879 1212 1017 1262 mentem
1036 1221 1176 1265 sensum·

133 1326 198 1390 que
219 1305 287 1367 eius
309 1302 496 1381 intercedit,
518 1302 573 1387 qn}
587 1302 627 1366 de
640 1324 677 1365 ea
691 1303 809 1386 cogitat
824 1301 1045 1387 loquiturque,
1066 1326 1175 1389 quana

133 1427 197 1492 que
225 1428 244 1468 n
272 1402 479 1488 Philosophia
507 1403 714 1469 subiectivam
747 1416 960 1489 nuncupatam
991 1424 1062 1469 esse
1091 1407 1176 1479 intes.-¹

134 1526 244 1570 omnes
265 1515 398 1567 constat.

213 1608 348 1669 Praeter
375 1624 448 1684 eos,
481 1624 562 1690 quos
582 1605 808 1691 adposuimus,
840 1626 930 1670 nasus
951 1607 985 1669 in
1011 1609 1173 1673 nonnullis

132 1707 266 1791 linguis,
287 1727 315 1770 e.
337 1727 367 1791 g.
389 1706 571 1788 inhatina,
593 1722 681 1772 sexta
702 1710 970 1774 substantivorum
991 1723 1091 1773 exstat
1108 1710 1176 1774 for·

132 1834 201 1890 ma,
236 1831 317 1894 quae
338 1810 391 1874 vel
412 1809 497 1873 uude
517 1811 621 1893 posite
644 1812 697 1874 vel
719 1832 791 1875 cum
811 1812 1047 1895 praepositione
1069 1814 1175 1898 aliqua

105 1914 107 1919 ’
132 1914 302 1976 coniuncta
322 1911 552 1973 diversissimas
573 1912 728 1995 significat
753 1913 941 1994 relationes,
973 1913 1108 1977 maxime
1129 1928 1177 1978 ta·

131 2037 206 2079 men
234 2036 277 2077 ex
296 2027 389 2099 parte
413 2014 538 2095 locum,
569 2026 712 2099 tempus,
743 2034 885 2096 oausam,
921 2015 1175 2099 instrumentum,

133 2186 355 2207 m

198 2306 232 2376 1)
260 2305 392 2376 „Quentl
408 2322 443 2360 on
461 2322 571 2360 nomme
588 2305 618 2360 le
635 2321 772 2377 personne
798 2305 816 2361 h
839 2305 890 2376 qni
913 2323 949 2361 on
966 2308 1061 2378 purle,
1089 2322 1126 2362 ou
1144 2308 1175 2365 le

131 2398 214 2453 ehote
233 2398 251 2451 is
267 2397 393 2467 laquelle
412 2414 447 2450 on
464 2398 617 2463 s’etlrosse,
644 2416 750 2452 comme
774 2396 799 2450 si
825 2397 920 2453 e’tltolt
946 2415 1000 2451 une
1026 2414 1173 2467 pertenue,

131 2504 163 2541 ee
180 2502 245 2539 nom
263 2486 391 2554 nequiere
408 2486 513 2556 par-lh
538 2504 576 2539 un
593 2503 722 2541 nouveuu
738 2472 871 2556 rapport,
902 2487 984 2556 qu‘on
1003 2503 1021 2541 tt
1038 2488 1176 2557 quelque-

129 2575 185 2630 fols
200 2579 321 2645 merque
338 2593 390 2644 per
407 2592 463 2629 une
478 2576 613 2628 nouvelle
624 2575 805 2629 terminalson
824 2575 873 2643 qui
891 2574 1026 2645 s’uppelle
1044 2575 1176 2643 voeatis.“

132 2665 251 2718 Granum.
265 2666 355 2732 gener.
376 2670 403 2716 et
420 2663 538 2715 rohone.
556 2664 589 2715 tle
605 2664 792 2729 Pon-Rnyet
812 2663 864 2715 ch.
880 2664 906 2717 li.
924 2681 950 2732 p.
965 2660 1027 2717 285.

200 2753 281 2816 „Iler
299 2748 477 2818 Spreeheusle
496 2750 606 2802 iusseri
625 2749 669 2802 (lio
680 2750 896 2820 Ausseiehuuug
910 2750 1019 2813 leston,
1039 2744 1177 2803 veletren

132 2854 165 2893 er
182 2837 243 2891 slah
259 2836 416 2902 mittheilt,
436 2836 524 2889 tlurels
543 2836 650 2900 haute,
667 2837 776 2889 welche
795 2839 848 2890 tlen
864 2836 979 2907 Begriff
995 2837 1043 2889 Du
1060 2835 1177 2889 unedri-

131 2929 208 2981 eheu.
226 2957 262 2969 -
281 2925 360 2980 State
378 2927 426 2978 tles
444 2928 490 2979 Do
507 2926 578 2978 ltunn
596 2925 646 2977 tler
662 2923 754 2978 Numa
773 2924 865 2978 dieser
885 2925 992 2978 Persou
1009 2938 1176 2993 ansgupro-

131 3016 202 3070 elren
221 3017 344 3083 ¹werden.
386 3015 478 3069 Weun
501 3016 549 3067 ltin
571 3013 617 3068 tlie
635 3010 833 3083 Beuelehnung
856 3013 907 3066 tler
927 3015 1072 3067 Persoueu
1096 3012 1173 3081 (oh

129 3105 353 3176 personilleirten
372 3103 602 3176 Gegenatintle),
621 3100 651 3154 iu
669 3118 701 3156 so
717 3103 779 3154 feru
796 3102 837 3155 sie
855 3100 1019 3171 tliejenigen
1036 3097 1106 3165 sind,
1119 3100 1171 3155 d

129 3195 256 3250 welchen
280 3210 346 3247 mun
372 3195 442 3247 eben
459 3191 585 3263 spricht,
612 3191 674 3245 eine
691 3190 956 3246 ehnreeteristiselre
976 3190 1064 3243 Fortu
1080 3186 1165 3257 ᾔ

129 3286 210 3340 ttihrt
229 3285 283 3349 ist,
310 3299 341 3336 so
365 3281 403 3335 ist
425 3283 485 3335 dies
510 3282 556 3336 elie
578 3283 663 3335 Form
681 3281 729 3335 des
749 3282 890 3335 Voeutr'o.“
938 3278 1038 3331 Vetere
1055 3272 1159 3331 rud

128 3377 202 3430 einer
220 3371 394 3442 attgenetnen
411 3372 598 3439 Sproelslelsre.
615 3371 695 3424 Helle
708 3369 788 3425 18⁰1.
805 3388 832 3439 p.
851 3367 905 3421 lttt)
923 3371 956 3420 et
972 3364 1037 3419 m

197 3482 227 3549 2)
247 3477 422 3547 0hloquitur
441 3478 554 3545 quidem
573 3479 702 3533 Sunetius
720 3478 750 3532 in
769 3494 821 3532 sun
838 3475 995 3539 hlinem,
1012 3460 1143 3537 ⁶ss

129 3591 153 3626 e.
169 3571 194 3626 6.
214 3589 241 3640 p.
257 3567 318 3624 228,
336 3566 378 3619 ed.
396 3567 517 3632 Bauer).
553 3565 744 3632 ‚‚ltoeatlvus‚
763 3564 874 3634 iuquit,
903 3578 961 3617 rm
978 3552 1140 3617 dd

128 3674 283 3731 personae,
310 3662 343 3710 ut
361 3653 440 3709 aiunt
459 3653 659 3720 Grammatiei‚
685 3656 734 3708 sed
752 3670 799 3706 res
817 3650 937 3719 ulique,
959 3652 1134 3735 a?

128 3766 239 3803 monem
257 3743 521 3799 communicemus.“
565 3742 604 3796 At
621 3758 690 3794 vero
709 3738 853 3795 eominus
870 3728 1125 3791 roffi*

129 3838 179 3907 qui
196 3839 228 3904 (l.
244 3841 280 3901 e.)
300 3834 420 3902 „Immo
438 3846 507 3884 vero
524 3834 584 3894 est,
602 3828 701 3898 inquit.
737 3828 804 3879 Hoc
822 3810 1127 3879 etth*-

130 3925 320 3980 (lrnmmeticu
340 3922 395 3974 diei
415 3922 518 3984 debet,
547 3918 620 3987 quod
640 3917 773 3985 designat
790 3928 871 3977 eun,
891 3898 1130 3971 ap*

128 4029 285 4069 sermonem
303 4010 504 4073 eommunicet,
526 4025 575 4062 sen
593 4024 677 4076 quem
695 4000 911 4095 sttoqutrup-
923 3982 1057 4069 ‘fi
1068 4000 1128 4037 Ι-

127 4109 187 4158 tem
203 4115 314 4170 semper
332 4095 465 4169 dirigitur
481 4098 517 4151 etl
536 4112 618 4162 eum,
638 4108 727 4166 quern
743 4068 1057 4159 nlluss*
1070 4088 1130 4123 ¹·-

128 4189 261 4246 euhulum
278 4187 415 4241 seeunlue
432 4198 587 4257 personne,
606 4198 659 4241 seu
674 4170 1088 4243 temp—⁶

465 4474 583 4520 Α
1060 4242 1265 4520 Γ
