2616 4814
175 388 179 396 ’
298 415 367 470 quaa
384 397 432 454 ter
448 397 528 454 Both
543 378 678 464 inscripta
695 402 751 464 est,
771 396 966 469 interpretatio.
1100 395 1154 457 189

110 585 174 628 non
195 564 315 629 babere
336 563 512 641 intentum,
532 560 590 623 sad
611 581 684 624 eum
704 563 849 646 poetae,
872 563 928 649 qui
949 564 992 627 ita
1013 565 1153 651 adpelle·
1180 632 1187 653 ,Ι

109 679 180 747 tur,
212 687 345 752 prorsus
374 665 462 748 digni
484 665 651 748 imaginem
677 666 871 750 cogitatione
894 667 939 729 ita
961 666 1154 751 depinxisse,
1192 652 1196 657 Ι

110 769 228 833 ιιῑιίιιὶ
250 770 383 832 baberet
403 788 610 852 persuasum,
630 766 702 830 fore
725 782 761 831 ut
782 769 848 847 ille,
870 767 998 854 linguae
1012 770 1154 834 indolem

89 869 299 936 'silanditus
320 870 591 957 perspicere-ipsi
612 870 814 954 contigisset,
835 891 940 956 neque
961 872 1015 934 illa
1036 893 1154 957 repug-

108 989 218 1056 naret,
239 975 493 1060 phantasmatum
514 975 621 1056 specie
636 971 741 1034 animo
759 972 884 1036 obiecta
900 974 1064 1059 abreptus,
1085 976 1155 1060 ipsa

108 1089 222 1141 natura
244 1077 346 1155 duce,
366 1076 435 1155 his,
457 1096 535 1160 quas
557 1075 706 1153 diximus,
726 1074 824 1137 rebus
846 1076 987 1138 carmina
1009 1098 1065 1138 sua
1086 1098 1153 1140 om·

110 1178 204 1241 nibus
226 1178 368 1241 numeris
389 1175 534 1262 perlecta
553 1177 708 1238 redderet
729 1189 761 1240 et
782 1176 936 1252 absoluta.
975 1179 1012 1242 Id
1025 1200 1155 1266 quoque

109 1280 244 1342 sensisse
266 1281 395 1344 videtur
416 1280 574 1362 Heynius,
596 1279 668 1363 qui,
691 1280 762 1341 »De
782 1300 880 1344 versu
901 1281 1031 1368 Virgilii
1050 1282 1155 1367 opino,

109 1383 214 1467 inquit
228 1385 279 1464 ¹),
312 1383 443 1469 eiusque
465 1382 504 1444 ad
527 1402 636 1443 aurem
656 1381 812 1464 gravitate
835 1395 869 1445 et
882 1384 1045 1451 ,suavitate
1075 1404 1154 1446 non·

82 1484 196 1574 nulla
217 1484 379 1568 disputare
401 1485 543 1562 iuvaret,
567 1481 628 1543 nisi
647 1484 802 1547 maiorem
824 1484 1030 1549 subtilitatem
1048 1507 1153 1549 aaron

108 1585 261 1666 haberet,
295 1608 390 1671 quam
416 1599 453 1648 ut
482 1585 657 1670 legentium
686 1587 806 1649 animos
837 1599 870 1649 et
900 1588 1011 1651 oculos
1042 1601 1154 1652 tenero

108 1689 218 1774 possit.
260 1689 344 1752 Illud
365 1709 463 1750 unum
484 1686 701 1768 monebimus,
722 1689 754 1749 in
776 1708 923 1753 errorem
939 1689 1092 1752 inducere
1107 1689 1155 1754 iu·

108 1791 248 1854 senilem
268 1791 407 1852 animum
430 1790 535 1853 videri
556 1809 630 1865 eos,
652 1788 708 1872 qui
727 1791 818 1850 nimii
838 1790 932 1869 ineo
950 1804 1040 1869 sunt,
1062 1804 1098 1854 ut
1113 1793 1155 1857 ad

107 1914 218 1958 rerum
246 1913 341 1955 sonos
369 1905 402 1954 et
422 1904 550 1953 naturas
580 1876 836 1952 accommodatos
869 1880 906 1952 et'
922 1888 1077 1955 formatos
1097 1913 1154 1956 aa·

107 1997 168 2058 lint
195 2015 265 2057 essa
294 2014 417 2058 versus.
476 1991 636 2076 Equidem
665 2011 730 2053 non
759 1990 919 2072 diffiteor,
949 2013 1074 2055 sensnm
1102 2004 1155 2056 me
1195 1990 1202 1999 '
1242 2012 1248 2071 j

109 2099 205 2161 animi
218 2095 433 2180 refragantem
447 2093 577 2170 habere,
600 2092 853 2178 quotiescunque
868 2095 1063 2177 persuadere
1077 2095 1155 2158 mihi

109 2202 203 2280 volo,
225 2219 375 2282 magnum
396 2196 535 2280 aliquem
556 2206 684 2279 poetam
697 2207 786 2257 aestu
801 2208 959 2283 tantarum
973 2219 1083 2260 rerum
1100 2198 1154 2260 ab·
1223 2216 1228 2220 ·

109 2301 237 2390 raptum
265 2316 298 2365 et
325 2318 512 2382 magnorum
535 2295 787 2380 phantasmatum
808 2299 843 2362 vi
863 2297 1090 2364 inflammatum
1121 2301 1155 2365 in

109 2430 188 2474 sono
212 2426 324 2475 cursus
347 2401 506 2488 equestris
527 2399 581 2464 vel
602 2399 697 2462 tubae
720 2400 775 2463 vel
795 2400 929 2467 aliarum
950 2422 1061 2465 rerum
1081 2403 1154 2467 red·

110 2513 214 2577 dendo
236 2510 399 2572 laborare:
443 2505 595 2566 Attenuat
615 2523 652 2565 ea
674 2509 726 2566 ros'
756 2516 789 2566 et
810 2503 963 2587 deprimit
991 2505 1155 2594 ingenium

108 2626 224 2698 poetae
253 2624 286 2671 et
314 2608 389 2669 artis
418 2604 564 2686 poeticae
594 2603 788 2687 dignitatem.
841 2607 922 2668 Sunt
943 2619 1067 2688 umen,
1096 2610 1154 2688 ais,

110 2713 188 2775 talea
209 2728 321 2772 versus
343 2706 376 2766 in
398 2705 518 2786 optimo
541 2724 670 2787 quoque
690 2719 795 2785 poeta.
845 2709 967 2784 Recte3
1000 2720 1073 2769 sunt
1094 2710 1156 2771 uti·

110 2834 174 2900 que
202 2809 303 2880 multi.
333 2841 373 2855 -·
402 2803 481 2867 Mihi
507 2824 587 2870 vero
618 2805 657 2866 ad
686 2806 828 2887 poetices
855 2807 997 2868 indolem
1018 2810 1153 2892 propius

110 2935 179 2979 esse
208 2911 337 2989 videtur
358 2919 516 2984 statuere,
550 2907 650 2990 ipsam
673 2905 825 2968 orationis
846 2905 991 2970 naturam
1013 2909 1056 2972 ita
1084 2930 1154 2973 esse
1187 2920 1194 2931 “

110 3026 340 3100 comparatam,
374 3024 410 3073 ut
435 3010 607 3073 multarum
636 2995 746 3069 rerum
773 3028 868 3070 sonos
897 3010 1073 3091 exprimat,
1106 3006 1153 3074 inl

108 3120 302 3184 flammatum
323 3126 429 3176 autem
446 3111 703 3196 phantasmatum
723 3110 832 3194 specie
854 3111 982 3175 obiecta
1003 3112 1154 3195 animum,
1176 3124 1178 3128 ’

111 3245 203 3300 uum,
231 3238 342 3280 rerum
363 3215 487 3299 species
508 3213 570 3275 sibi
591 3213 798 3277 obversantes
820 3226 856 3277 ut
876 3214 1021 3278 oratione
1044 3209 1155 3297 v'ivido
1192 3276 1203 3301 f

111 3300 287 3409 exprimat,
314 3318 458 3396 laborat,
486 3317 665 3379 necessario
687 3315 720 3377 in
741 3316 801 3378 iata
821 3316 978 3380 vocabula
999 3318 1155 3401 incidere,

110 3428 164 3493 vel
185 3421 337 3487 orationis
358 3417 558 3502 proprietate
579 3417 724 3485 ducente.
761 3419 807 3480 Ita
829 3440 943 3503 graves
965 3432 997 3482 et
1020 3421 1154 3500 celeres,

111 3531 199 3594 lenes
221 3539 254 3588 at
275 3524 508 3599 duros,aonos
529 3518 584 3580 val
604 3541 669 3581 uon
689 3519 724 3581 id
743 3535 891 3603 agenset
912 3541 1025 3584 cursus
1047 3520 1087 3580 ad
1103 3539 1153 3582 re-

111 3653 183 3696 rum
205 3641 348 3713 naturam
372 3618 626 3684 accommodabit
645 3635 679 3686 et
701 3634 812 3687 orator
831 3624 966 3709 quisque
983 3621 1097 3701 bonus,
1119 3632 1153 3683 et

111 3736 211 3798 multo
232 3723 331 3814 magis
350 3736 464 3811 poeta«
480 3723 524 3806 ²).

72 3924 74 3931 ,
112 3890 331 3915 ---‹-

86 3958 89 3962 ’
146 3941 150 3949 ’
178 3980 210 4046 1)
229 3997 255 4032 v.
273 3975 421 4046 nuquuu.
440 3974 474 4027 aa
492 3971 584 4027 carm„
601 3971 652 4040 ap.
672 3969 752 4054 ang.
771 3967 845 4022 sua
863 3944 972 4058 irvur.
1034 3983 1036 3986 Δ

115 4094 118 4100 ·
179 4067 212 4137 2)
244 4068 389 4136 Quantum
408 4064 573 4127 literarum,
602 4067 664 4116 tum
683 4057 892 4114 admonentium
918 4066 986 4114 tum·
998 4058 1149 4126 vocalium,
1225 4056 1230 4065 '

112 4155 223 4213 vanata
239 4153 412 4222 coniunctio,
442 4159 579 4222 quantum
597 4165 730 4207 nummus
754 4146 938 4218 umidumque
961 4148 1036 4207 ntia
1060 4149 1089 4204 in
1106 4165 1151 4200 ro-
