2616 4814
29 468 32 477 Ι
136 383 191 443 m
478 386 514 442 X·
546 388 682 457 &remen
696 389 828 461 aeneam
873 332 889 359 'a

135 552 276 616 Pulchre
289 552 404 617 dicitnr
418 566 525 619 ‘sector
546 563 703 620 dominus.
723 554 844 619 incivili
859 554 996 617 nomine.
1017 590 1059 602 -
1079 553 1170 618 Unde

136 656 282 718 Tibullus
298 666 344 722 irc
363 664 420 722 snb
440 667 601 739 imperium
622 678 660 719 cn
672 654 755 719 bona
769 657 875 720 dicitnr
911 659 961 719 ¹At
977 675 1056 720 vero
1072 676 1170 740 quum

135 755 197 820 hnc
217 757 289 820 loco
312 748 465 821 debonis
487 758 663 824 confiscatis
682 760 811 823 minime
829 779 933 822 sermo
954 759 995 821 sit
1018 757 1074 841 (cf.
1091 778 1170 842 quo·

136 881 199 945 que
218 862 336 924 Ancon.
357 861 396 924 sd
418 861 483 925 Cic.
505 864 599 931 Verr.
620 863 652 942 1,
673 863 715 930 20
737 874 770 925 et
788 862 873 945 23),
893 861 974 924 hanc
994 861 1049 923 illa
1071 860 1184 949 verba¹

135 962 329 1045 explanandi
356 965 512 1028 rationem
550 965 619 1029 iure
657 962 778 1049 optimo
807 976 970 1048 oppugnat
1005 975 1037 1027 et
1065 962 1170 1026 reiicit

134 1066 235 1144 Voss,
265 1065 320 1151 qui
349 1066 567 1146 »Gronovius,
594 1065 714 1152 inquit,
742 1066 848 1128 macht
868 1065 938 1146 auf,
966 1076 1013 1131 ire
1031 1072 1090 1131 sud
1107 1076 1169 1130 im-

131 1178 271 1251 perium,
303 1167 375 1231 eine
403 1168 562 1252 unzcitige
583 1167 791 1253 Anwendnng
819 1188 884 1233 ron
912 1170 971 1231 der
990 1168 1170 1245 Renntniss,

134 1271 205 1334 dass
227 1281 369 1337 dominun
389 1269 551 1355 derjenige
571 1270 672 1347 hiens,
705 1271 765 1333 der
786 1272 838 1333 cin
859 1270 1082 1337 verurtheiltes
1104 1271 1169 1335 Gnt

134 1374 178 1435 im
201 1375 329 1436 Ganzen
351 1372 479 1457 gelraull
499 1373 602 1451 hatte,
632 1392 687 1435 um
707 1393 741 1435 es
763 1372 937 1437 thcilweise
966 1372 1066 1436 durch
1088 1374 1168 1439 Ver-

133 1477 315 1561 steigerung
337 1477 417 1539 cder
437 1496 492 1538 aus
513 1475 571 1537 der
582 1475 674 1537 Hand
696 1498 737 1539 zu
756 1475 942 1540 verlsaufen.
982 1474 1062 1541 Wie
1085 1474 1167 1537 kann

133 1579 186 1641 ein
207 1577 330 1639 sclchcn
349 1577 453 1655 Recht
473 1588 636 1658 imperium
661 1584 800 1661 genennt
819 1577 972 1641 werden?
1012 1577 1085 1639 Und
1106 1576 1167 1640 wie

132 1693 219 1764 pnsst
246 1700 279 1742 es
309 1678 468 1741 hichern?
511 1680 582 1763 lpse
609 1675 649 1746 nd
672 1690 713 1744 ilc
733 1688 789 1744 sub
809 1690 972 1761 imperium
1000 1678 1039 1741 sd
1068 1677 1168 1761 impe·

132 1784 217 1845 rium
236 1782 363 1868 puellae
384 1779 589 1845 referendum
610 1800 680 1847 esse
701 1781 883 1860 contendit,
905 1780 993 1845 cuius
1015 1780 1103 1843 iussu
1114 1780 1166 1841 Ti·

131 1885 238 1948 bullus
259 1904 310 1964 se,
342 1895 379 1947 ut
397 1884 491 1967 plena
513 1903 607 1947 manu
634 1882 674 1951 ad
696 1905 764 1947 eam
791 1885 945 1947 accedere
965 1883 1084 1969 possit,
1114 1883 1167 1946 vel

131 1989 258 2069 villam,
278 2006 359 2075 quae
379 1984 441 2070 ipsi
464 2006 482 2047 e
502 1985 642 2071 paternis
664 1985 756 2049 bonis
777 1987 843 2051 sola
861 1976 1019 2067 restabat,
1040 1985 1098 2049 sub
1113 1985 1166 2047 hn-

132 2104 179 2153 sta
201 2089 340 2159 vendere
361 2099 504 2173 paratum
525 2084 725 2175 profiteatur.
767 2098 955 2173 »Impnmn
978 2088 1045 2157 scil.
1063 2088 1168 2173 inquit

130 2194 191 2263 Vir
214 2193 272 2264 cel.
294 2191 410 2270 heisst,
441 2189 522 2255 nach
543 2190 748 2253 Riimischem
771 2189 1075 2275 Sprachgebrauch,
1108 2189 1166 2252 der

131 2310 258 2381 strange
280 2292 527 2377 unweigerliche
546 2290 662 2355 Befehl
682 2293 790 2355 seiner
810 2292 1085 2373 Gewallhsberin,
1110 2291 1165 2357 de·

130 2421 188 2463 ren
211 2400 327 2467 Genetz
349 2418 384 2461 er
405 2417 436 2458 v.
457 2397 498 2463 52
528 2393 721 2471 snerlcnnt3
765 2395 826 2456 wic
847 2394 892 2472 11,
911 2394 950 2473 4,
972 2400 1014 2469 53
1039 2405 1167 2477 imperio

131 2500 243 2585 (vulgo
258 2510 299 2563 ad
312 2499 493 2585 imperium)
514 2492 655 2565 dominae
668 2504 854 2563 sculcabimus
867 2520 966 2576 arros.
1006 2498 1075 2559 Der
1088 2497 1165 2559 Sinn

129 2605 185 2666 ist:
219 2600 271 2669 ich
293 2600 354 2663 soll
375 2599 438 2662 und
458 2619 543 2658 muns
572 2597 624 2663 ihr
645 2595 793 2659 laostbnre
815 2596 1000 2660 Geschenlne
1022 2598 1163 2665 machon.

128 2708 167 2769 Ja
187 2726 279 2769 wenn
309 2703 354 2763 sie
377 2698 505 2763 deshalb
535 2696 615 2767 auch
637 2698 697 2761 den
718 2698 897 2763 Stammsitu
927 2699 1050 2764 meiner
1075 2700 1164 2761 Ahn·

128 2807 225 2869 herrn
254 2827 295 2868 zu
314 2801 489 2868 verlaulcn
513 2800 574 2862 mir
596 2798 745 2880 beldhle3
787 2798 858 2884 faigt
878 2800 975 2881 cuch,
1005 2821 1026 2863 n
1047 2804 1163 2881 Laren,
1188 2868 1191 2875 ,

127 2922 221 2971 nntcr
250 2906 304 2969 das
333 2902 551 2986 Machtgebot,
584 2901 654 2987 fflgt
683 2901 763 2966 euch
792 2917 887 2965 unler
915 2903 970 2965 das
991 2903 1164 2972 Verlrauls·
1189 2932 1195 2945 ·

128 3007 245 3077 achild!
269 3016 321 3073 Ire
342 3014 398 3071 sub
418 3015 547 3089 aliquid,
569 3004 638 3067 sich
657 3028 697 3068 zu
719 3018 815 3069 etwas
835 3006 1031 3093 hequemen,
1051 3015 1163 3077 subire.

129 3112 190 3190 So,
211 3122 258 3185 irc
278 3118 335 3174 sub
353 3120 441 3191 inqu,
463 3114 519 3170 aul
536 3114 680 3190 furcam,
701 3114 756 3171 sud
776 3114 981 3171 concubitus«
1024 3109 1066 3171 At
1083 3129 1161 3172 vern

127 3232 232 3297 neque
252 3211 298 3272 sic
320 3212 423 3272 omnia
445 3208 525 3270 benc
545 3209 725 3293 procedere
747 3207 912 3287 videntur3
941 3231 1012 3271 narn
1033 3210 1092 3273 hac
1111 3234 1160 3277 ra·

128 3314 214 3377 lione
234 3314 340 3397 potius
362 3311 507 3375 Tibullus
536 3308 594 3370 sub
616 3309 786 3393 imperinm
808 3310 934 3395 puellae
955 3312 1056 3376 iturus
1085 3313 1160 3375 suis·

128 3430 196 3493 aet,
217 3415 272 3501 qui
293 3414 373 3475 bona
395 3435 449 3474 sua
472 3411 639 3475 vendendo
661 3410 743 3472 iussa
766 3412 832 3473 cius
853 3416 983 3499 exsequi
1002 3435 1037 3476 se
1058 3417 1159 3479 accin-

128 3521 240 3603 gebat,
262 3538 355 3604 quam
377 3518 493 3591 Lares,
515 3534 593 3597 quos
616 3514 754 3577 vendere
775 3517 912 3578 volebat.
959 3517 1066 3583 Verba
1087 3518 1156 3579 illa:

127 3633 168 3686 ite
189 3629 245 3687 sub
266 3605 427 3709 imperium
448 3625 503 3680 snb
526 3625 723 3705 titulumque,
755 3630 817 3681 tam
840 3632 928 3681 arcte
956 3640 1084 3705 qunque
1106 3640 1158 3682 ec-

127 3723 276 3799 haerent,
297 3734 331 3788 ut
353 3741 444 3783 unam
468 3718 661 3807 eandemque
683 3740 770 3803 rem,
791 3721 1005 3787 venditionem
1024 3722 1157 3803 scilicet,

129 3847 210 3917 qnae
232 3825 270 3888 ad
291 3822 409 3882 hastam
430 3818 542 3896 fiebat,
563 3820 740 3902 respicere,
764 3842 799 3882 ac
820 3822 907 3889 nullo
929 3823 1024 3887 modo
1047 3823 1157 3886 divelli

128 3927 327 4013 disiungique
355 3944 448 4015 passe
477 3921 653 3991 videantur.
710 3923 825 3985 Sensus
853 3922 999 4009 profecto
1028 3924 1157 3989 illorum

127 4028 301 4093 verborum
322 4026 391 4112 quis
413 4026 471 4105 sit,
502 4046 578 4104 nos,
610 4025 671 4087 nisi
690 4047 822 4110 prorsus
849 4026 1008 4107 fallimur,
1041 4028 1160 4101 edocet

128 4129 303 4225 luvenalis,
324 4130 358 4200 in
377 4128 467 4197 cuius
487 4128 583 4198 satir,
600 4128 662 4211 111,
682 4132 725 4215 30,
743 4149 814 4223 sqq.
831 4127 912 4199 hunc
931 4129 1099 4217 leguntuca

30 4396 126 4528 5
