2616 4814
129 366 146 407 ὗ
422 405 456 459 do
473 410 593 462 Aeconia
608 406 728 462 Graecae
744 406 863 479 linguae.
1122 405 1159 465 lb

79 660 82 666 .
122 572 202 648 'cum
223 586 352 638 accentu
373 573 578 659 exprimenda
598 583 660 637 est„
698 571 784 666 Quid
806 571 911 633 enim?
937 593 1042 638 nonne
1064 576 1160 639 etiam

128 681 162 742 in
191 680 294 764 lingua
321 680 432 741 Latina
461 698 500 740 ex
528 677 595 739 eius
625 675 723 758 ipsius
751 675 874 758 legibus
903 677 1020 758 syllaba
1049 679 1159 743 brevis

131 804 202 847 cum
224 796 353 847 accentu
374 802 467 865 saepe
488 778 650 844 efferenda
672 791 738 856 est,
770 779 1032 863 quemadmodum
1059 785 1091 845 in
1112 793 1159 849 Ie·

126 889 265 970 atomus,
295 888 434 969 legebitis,
457 883 835 975 probabam-parotium,
862 886 1035 968 resaisitus,
1064 888 1160 952 relio-

128 997 207 1074 lunt,
229 990 398 1075 It'ysa'ccus,
421 989 570 1054 Oeniadae
593 997 672 1071 otc,
693 997 729 1047 ut
750 1005 786 1047 ca
807 985 982 1064 vocabula,
1001 1009 1082 1071 quae
1103 991 1159 1051 du·

130 1090 206 1152 abus
227 1090 354 1173 syllabis
376 1100 536 1169 constant,
566 1086 648 1149 sicut
668 1088 773 1171 neus,
792 1085 932 1149 'silentio
955 1092 1160 1171 'praetermit-

129 1193 252 1255 tamus?

213 1292 278 1355 lam
299 1308 377 1358 voro
399 1292 452 1356 hic
470 1292 549 1374 alie,
583 1313 677 1378 quam
698 1293 910 1377 adtingamus,
941 1295 1032 1357 nobis
1055 1315 1089 1357 se
1115 1294 1162 1357 os·

132 1378 276 1459 lettres.
320 1399 417 1473 Sunt,
439 1396 493 1480 qui
512 1408 641 1480 putent,
665 1397 698 1455 in
720 1398 841 1459 Graeca
861 1397 967 1480 lingua
987 1411 1061 1481 post
1082 1400 1164 1461 eius·

130 1498 216 1559 modi
237 1499 387 1581 syllabam
407 1496 537 1563 brevem
558 1500 591 1560 in
614 1499 757 1562 vocalem
779 1513 947 1563 exeuntem
975 1515 1069 1587 atquc
1091 1523 1163 1565 acu·

129 1601 243 1663 endam
264 1601 423 1686 sequentis
445 1601 583 1683 syllabae
607 1614 831 1665 consonantem
851 1603 884 1663 in
905 1603 1062 1665 vocabulo
1087 1625 1162 1687 pro·

129 1688 301 1768 nuntiando
322 1709 395 1768 esse*
410 1705 645 1789 geminandam:
687 1726 800 1767 vesum
823 1706 907 1767 enim
935 1727 1014 1769 vero
1035 1728 1076 1769 ne
1097 1729 1165 1769 mo·

128 1808 370 1891 neamusgboc
398 1807 425 1868 si
453 1820 543 1870 recte
570 1828 604 1868 se
630 1807 784 1885 haberet,
816 1807 848 1867 in
868 1807 974 1889 lingua
993 1809 1103 1871 Latina
1131 1808 1166 1870 id

129 1928 256 1993 quoque
276 1907 507 1972 observandum
529 1928 616 1988 esse,
636 1945 677 1956 —-
699 1907 732 1985 in
753 1929 815 1992 qua
837 1919 942 1970 tamen
962 1929 1020 1971 nos
1036 1911 1165 1995 quidem

128 2009 285 2072 neminem
298 2010 402 2073 adhuc
418 2009 594 2072 audivimus
610 2009 710 2073 verba
731 2017 874 2092 legatitis,
894 2034 1070 2093 purpureus
1091 2026 1167 2093 etc„

127 2113 171 2174 ita
193 2110 328 2185 efferre,
360 2133 397 2173 ac
424 2112 451 2172 si
479 2119 640 2185 tentabiles,
670 2133 865 2184 purpuraeve
887 2125 946 2171 etc.
976 2114 1092 2193 scripta
1119 2135 1168 2176 es·

129 2224 219 2287 sent,
240 2246 281 2258 -
302 2229 365 2292 qua
387 2204 513 2273 tandem
534 2196 657 2266 latione
677 2202 768 2283 βάλε
791 2228 809 2267 a
829 2206 960 2289 βάλλε,
984 2209 1037 2278 ὅτι
1055 2216 1093 2276 ab
1112 2214 1169 2285 ὅπη,

127 2339 162 2381 τι
182 2311 325 2397 dignosci
345 2321 470 2393 posset,
504 2328 585 2391 quae
606 2306 762 2371 vocabula
783 2330 800 2371 a
823 2300 955 2376 Graecis
982 2322 1167 2399 pronuntia·

129 2415 216 2478 tione
247 2432 375 2498 quoque
401 2433 420 2474 a
447 2410 639 2474 seinvicem
668 2409 765 2474 fuisse
788 2412 953 2495 distincta,
985 2420 1039 2484 vix
1064 2425 1169 2488 credi.

130 2541 218 2597 mus,
250 2536 441 2601 quemquam
459 2513 548 2591 fore,
580 2513 636 2598 qui
658 2513 790 2577 dubitet.
845 2519 908 2581 Sed
929 2520 1009 2584 banc
1029 2545 1099 2589 aem
1126 2548 1168 2591 ne

128 2641 317 2705 urgeamus,
349 2639 442 2703 quam
471 2616 673 2701 intelligimus
701 2619 789 2682 viros
811 2621 922 2686 doctos
947 2625 1164 2713 confugisse,
1245 2606 1249 2621 Ι

131 2723 208 2808 quid
236 2723 275 2783 de
296 2717 551 2803 pronuntiatione
581 2737 693 2779 eorum
714 2721 945 2789 vocabulorum
966 2736 1167 2807 statuendum

132 2837 199 2904 est,
218 2824 251 2885 in
272 2822 387 2907 quihus
408 2818 560 2901 syllabam
578 2818 711 2881 brevem
732 2842 804 2884 cum
819 2842 951 2891 accentu
970 2831 1168 2900 efferendam

79 2966 81 2971 ι
132 2941 226 3011 atque
256 2923 360 2988 vocali
389 2919 585 2985 terminatam
613 2919 732 3003 syllaba
761 2925 922 3008 sequitur,
956 2933 1044 2995 cuius
1065 2937 1169 3018 prima

131 3027 224 3101 litera
246 3045 374 3111 quoque
394 3021 514 3087 vocalis
537 3033 603 3101 est,
623 3041 654 3084 v.
675 3041 703 3084 ο.
726 3021 843 3102 κλέος,
858 3024 1012 3109 Ιἐπέεσσι,
1034 3016 1167 3119 ἂφόωο.
1215 3100 1217 3105 ,

130 3154 194 3207 aa,
217 3122 384 3218 εὐρύοπα,
406 3122 552 3202 πεδίοιο,
574 3119 724 3214 κραδάων
748 3125 833 3188 etc?
853 3139 887 3190 et
907 3151 971 3215 quo
991 3153 1069 3196 sono
1088 3158 1166 3220 pro·

133 3226 291 3292 nuntiatae
311 3239 383 3289 sunt
404 3224 534 3289 eaedem
554 3225 681 3289 vocales
702 3239 773 3290 ante
794 3229 947 3292 eiusmodi
966 3234 1116 3315 syllabam
1130 3239 1165 3302 iu

133 3332 260 3415 syllabis
280 3331 383 3415 longis
403 3328 699 3414 producendisquc,
727 3353 755 3393 e.
777 3353 806 3415 g.
827 3333 1163 3430 nnllmgagylloym,

135 3429 266 3511 idaeos
295 3429 384 3497 etc?
430 3430 525 3525 Quod
552 3430 580 3494 si
606 3430 742 3515 ingenue
768 3430 922 3511 fateamur
949 3458 1078 3511 necesse
1106 3456 1165 3521 cst,

133 3531 195 3595 hoc
223 3552 280 3595 uos
308 3549 439 3615 prorsus
466 3530 589 3613 latere,
620 3532 655 3595 id
673 3545 777 3596 umen
803 3557 864 3619 pso
895 3551 983 3602 certo
1004 3540 1165 3605 adfirmari

133 3645 255 3718 potest,
291 3633 324 3695 in
352 3630 493 3717 legendis
523 3631 612 3695 libris
642 3636 784 3700 oratione
810 3640 951 3723 pedestri
977 3644 1172 3726 conscriptis.

135 3759 192 3811 nos
210 3738 320 3823 utique
336 3758 388 3800 eas
408 3733 541 3820 syllabas
560 3755 632 3799 cum
651 3742 1006 3823 accentuupsonuntiare
1032 3744 1163 3825 debere,

135 3858 233 3923 supra
260 3859 336 3925 quas
366 3860 384 3902 a
411 3836 622 3923 grammaticis
650 3838 718 3901 eius
742 3852 834 3905 notas
860 3842 1036 3911 iuveuimm
1064 3847 1163 3913 collo·

136 3950 229 4004 catat.

556 4096 759 4123 *ΙΙ-
848 4120 851 4125 .
