2616 4814
225 409 279 467 ua
418 406 499 463 vui.
533 409 575 463 os
591 366 762 507 minatis
778 409 853 466 usai
871 412 946 482 apsa
963 411 1074 468 nnana

226 576 344 658 dicari,
374 587 483 640 utrum
502 575 624 663 aliquid
644 596 722 641 vere
742 575 815 656 liat,
848 599 887 640 au
907 575 979 640 fieri
999 576 1120 662 possit,
1147 598 1189 639 an
1210 576 1265 661 sle·

224 680 323 765 nique
342 677 414 742 fieri
434 679 566 762 debeat,
598 678 735 766 indeque
756 694 822 744 tres
845 682 1001 745 exstitisse
1021 681 1151 757 modos,
1184 679 1264 740 iudi·

223 782 379 861 cativum,
407 781 641 846 subiunctivum
663 783 959 868 imperativumque.
1012 784 1129 844 »Alter
1148 781 1263 845 metim

224 898 273 949 cst
293 885 339 965 is,
368 883 472 970 inquit
491 884 524 945 in
546 885 749 969 sequentibus
763 888 816 969 1),
847 907 912 971 quo
932 883 1004 947 fieri
1024 905 1120 968 posse
1141 883 1262 968 aliquid

223 986 397 1068 iudicatur,
428 987 520 1072 isque
549 987 767 1051 coniunctivus
794 1009 812 1048 a
840 987 961 1050 Latinis
990 1009 1015 1049 s.
1043 982 1262 1050 subiunctim

135 1159 137 1168 ,
221 1090 412 1165 nominatur.
460 1089 578 1153 Graeci
606 1096 709 1152 autem
739 1089 823 1154 huuc
843 1092 972 1153 modum
1000 1089 1136 1152 in'sluos
1156 1089 1261 1152 distri·

220 1191 361 1256 buerunt
388 1192 520 1269 modos,
552 1212 689 1276 quorum
717 1214 815 1254 uuum
834 1187 1066 1260 ὑποτακτικὸν
1092 1204 1259 1270 vocarunt,

222 1295 275 1357 oui
296 1293 490 1378 designando
505 1293 611 1356 Latini
632 1315 687 1358 suu
708 1295 902 1359 coniunctivi
921 1297 974 1360 vel
996 1294 1191 1358 subiunctivi
1205 1314 1260 1357 uo·

221 1398 305 1459 mina
327 1396 495 1474 adhibeut3
528 1395 663 1458 alterum
685 1396 832 1461 dixerunt
853 1393 1027 1469 stannea.
1055 1417 1153 1481 quem
1171 1407 1259 1479 opta·

220 1499 323 1565 tivum
341 1498 447 1561 Latini
468 1497 658 1580 adpellant«
700 1499 806 1563 Docet
825 1499 941 1562 deinde
956 1501 999 1566 V.
1011 1500 1070 1578 Dc,
1090 1498 1258 1586 admodum

219 1600 369 1664 subtilem
406 1612 440 1664 et
466 1598 622 1662 eruditam
657 1599 690 1661 in
718 1598 781 1662 hoe
817 1599 1038 1664 constituendo
1075 1600 1257 1664 discrimine

219 1705 419 1768 Graecorum
449 1702 547 1765 luisse
582 1701 837 1767 observationem
863 1701 1138 1786 sagacitatemque.
1191 1703 1257 1764 Du·

220 1805 339 1891 plicem
360 1805 446 1869 euim
463 1804 591 1866 omuino
612 1803 710 1867 fuisse
723 1805 889 1884 rationem,
912 1825 974 1890 qua
988 1804 1064 1889 quid
1079 1802 1151 1867 fiori
1164 1825 1256 1889 posse

219 1907 368 1996 dicatur,
394 1907 545 1986 alteram,
576 1927 671 1992 quem
699 1905 889 1970 obiectivam
916 1895 1103 1990 philosophi
1130 1921 1256 1988 vocent,

115 2011 117 2019 '
220 2033 319 2098 quum
338 2009 416 2096 quid
436 2028 497 2093 per
516 2008 657 2094 ipsarum
677 2027 786 2070 renum
807 2007 1021 2070 conditionem
1046 2008 1118 2072 fieri
1139 2011 1255 2096 possit;

218 2113 369 2191 alteram,
391 2132 485 2194 quam
505 2108 714 2174 subiectivem
726 2109 858 2192 dicant,
882 2132 980 2196 quum
1001 2112 1068 2174 sola
1091 2113 1141 2175 rei
1161 2115 1255 2177 alicu·

217 2214 267 2277 ius
295 2213 447 2299 cogitatio
475 2211 537 2273 sibi
566 2211 633 2295 ipsa
654 2231 717 2273 non
738 2225 913 2294 repugnet,
943 2212 1013 2278 sive
1032 2234 1071 2277 re
1091 2215 1160 2299 ipsa
1185 2215 1255 2280 lieri

217 2315 320 2400 possit
340 2314 393 2393 id,
413 2311 500 2399 quod
522 2313 698 2396 cogitetur,
718 2312 787 2376 sive
807 2333 870 2375 non
889 2313 1001 2396 possit.
1042 2315 1143 2398 Igitur
1159 2318 1255 2381 modo

218 2416 422 2479 coniunctivo
444 2435 498 2495 ea,
531 2433 613 2499 quae
641 2434 702 2498 per
730 2415 830 2498 ipsam
859 2415 1014 2501 cuiusque
1037 2418 1087 2479 rei
1105 2430 1253 2487 «naturam

217 2515 289 2579 fieri
315 2527 464 2600 possent,
496 2516 638 2581 Graecos
663 2528 807 2615 nemeae,
839 2518 982 2603 optativo
1010 2532 1134 2599 autem,
1173 2540 1253 2606 quse

216 2631 348 2704 possent
368 2617 511 2703 cogitari.
951 2678 954 2686 .

298 2720 423 2818 Quibus
445 2721 575 2805 quidem
594 2722 795 2806 praemissis,
823 2724 943 2803 sHine,
970 2723 1088 2809 inquit,
1114 2724 1252 2807 primum
1284 2728 1288 2737 ’

214 2824 421 2909 intelligitur,
452 2843 553 2909 quare
572 2825 792 2889 coniunctivus
811 2845 876 2888 uon
898 2825 958 2888 iiisi
979 2827 1042 2905 ita,
1072 2838 1109 2888 ut
1128 2845 1169 2888 ex
1190 2828 1252 2890 elio

215 2926 319 2991 verbo
339 2925 495 3010 pendeat,
518 2927 678 3011 optativus
699 2939 804 2992 autem
819 2927 913 2989 etiam
931 2926 1033 2989 nudus
1049 2940 1082 2989 et
1094 2928 1163 2990 siue
1176 2930 1252 2993 alio·

214 3051 289 3093 rum
309 3028 459 3092 societate
478 3028 654 3094 verborum
674 3027 872 3092 adhibeatur.
912 3031 992 3090 Nam
1013 3028 1040 3088 si
1058 3029 1251 3096 coniunctivi

214 3129 293 3193 haec
313 3129 445 3215 propria
466 3130 515 3195 vis
537 3143 604 3212 est,
636 3143 690 3210 ut,
722 3151 803 3214 quae
824 3148 884 3212 per
905 3129 1005 3212 ipsam
1030 3128 1080 3190 rei
1106 3143 1251 3194 naturam

214 3230 287 3295 fieri
306 3232 447 3316 possint,
474 3230 611 3312 indicet,
638 3230 852 3293 necessarium
872 3229 951 3309 erit,
979 3243 1030 3308 ut,
1052 3251 1152 3315 quare
1172 3233 1250 3318 quid

213 3332 286 3395 fieri
305 3332 424 3416 possit,
453 3332 487 3394 iu
513 3352 702 3417 unaquaque
731 3331 944 3395 enuntiatione
970 3352 1154 3423 cupressum
1178 3335 1247 3398 sits

213 3437 305 3498 Hanc
335 3436 432 3520 igitur
452 3434 552 3519 ipsam
580 3431 624 3495 ob
646 3452 770 3496 causam
789 3435 978 3519 plerasque,
1010 3446 1046 3496 ut
1066 3455 1162 3520 supra
1182 3450 1249 3501 mo·

213 3538 359 3618 unimus,
389 3536 611 3622 loquutiones,
643 3536 675 3597 in
703 3533 818 3622 quibus
846 3534 935 3599 abest
959 3534 1111 3615 verbum,
1143 3557 1247 3625 equo

212 3640 432 3706 coniunctivae
452 3636 607 3723 pendeat,
637 3650 725 3702 reete
746 3661 764 3700 a
784 3638 994 3723 grammaticis
1021 3639 1068 3701 sie
1094 3640 1246 3724 explicari

213 3757 339 3824 censet,
375 3753 413 3804 ut
438 3739 573 3803 verbum
600 3740 681 3804 illud
709 3760 770 3827 per
796 3740 922 3826 ellipsin
952 3740 1102 3803 omissum
1130 3743 1245 3826 dicant,

211 3846 313 3917 veluti
338 3845 373 3907 iu
399 3843 464 3910 hoc
490 3843 658 3928 exemplo,
689 3840 806 3924 ἴωμεν,
842 3843 929 3928 quod
948 3843 1044 3928 plene
1063 3843 1092 3908 si
1111 3842 1245 3927 timetur,

279 4085 312 4151 1)
328 4084 364 4138 ds
379 4086 486 4140 ament
502 4085 569 4144 est
587 4085 638 4143 Gr.
655 4085 705 4144 Gr.
722 4105 751 4160 p.
765 4077 826 4143 tut.

277 4169 388 4255 itte
406 4189 434 4243 p.
450 4170 512 4230 Μ.
