2616 4814
363 1244 961 1369 ranacario

138 1686 282 1835 Hand
305 1748 473 1851 profecto
497 1748 547 1823 ab
574 1752 676 1825 omni
701 1774 841 1826 uacuus
855 1748 1027 1851 liberque
1042 1738 1193 1843 timore,

138 1884 251 1967 atque
275 1866 438 1941 consiliis
463 1864 722 1941 tantummodo
745 1866 1012 1941 nonnullorum
1039 1871 1182 1943 amico-

135 2011 220 2065 rum
246 1981 427 2058 adductus
452 2000 717 2085 permotusque
742 2009 823 2057 eam
849 1986 997 2081 suscepi
1022 1986 1182 2082 provin-

137 2105 232 2175 ciam
256 2100 607 2195 administrandam,
632 2127 707 2195 qua
728 2100 822 2174 mibi
848 2099 961 2174 hasce
987 2126 1182 2173 commen-

135 2213 291 2287 tationes
316 2200 576 2279 conscribendi
614 2219 726 2303 atque
751 2202 930 2303 wigandi
955 2209 1182 2308 iniungeba-

133 2345 195 2403 tur
225 2347 381 2413 munus3
431 2322 566 2395 etenim
598 2345 667 2421 per
700 2321 829 2419 viginti
863 2325 1031 2422 quinque
1063 2352 1180 2403 annos

134 2441 247 2535 mihi,
271 2440 442 2540 quamvis
466 2462 615 2539 semper
632 2440 670 2513 in
688 2436 919 2537 explicandis
936 2445 1179 2542 scriptoribus

132 2568 387 2646 Romanorum
410 2572 618 2657 pompato,
634 2578 637 2586 ’
653 2582 859 2656 numquam
891 2575 1015 2631 tamen
1045 2563 1177 2635 Latino

135 2702 306 2757 sermone
328 2678 369 2747 in
393 2662 591 2748 scribendo
608 2672 738 2748 utendi
759 2701 799 2749 se
817 2674 1000 2750 obtulerat
1013 2682 1175 2753 occasiot

136 2810 248 2890 atque
271 2794 323 2862 ita
347 2814 408 2861 me
433 2788 488 2861 illi
511 2787 633 2864 officio
661 2793 720 2863 vix
750 2791 948 2865 credebam
966 2794 1175 2867 satisfacere

134 2932 255 3012 posse.
285 2911 375 2980 Erat
389 2907 512 3004 igitur,
533 2904 638 3005 quod
654 2921 855 3006 permagna
872 2909 1050 2983 adficerer
1064 2911 1173 2984 laeti-

132 3030 199 3119 tia,
226 3051 342 3126 quum
360 3022 622 3122 intelligerem,
646 3048 741 3123 quas
760 3024 860 3098 foras
882 3025 970 3098 dedi
996 3028 1172 3101 disserta-

130 3147 250 3217 tiones
267 3144 341 3218 VV.
356 3144 437 3214 DD.
458 3165 534 3212 non
560 3140 712 3214 omnino
728 3138 977 3240 displicuisse;
1002 3159 1038 3215 et
1057 3170 1171 3242 quum

131 3285 259 3334 earum
276 3257 476 3333 nonnullae
500 3260 607 3333 toties
632 3260 905 3358 expeterentur,
930 3277 971 3333 ut
994 3261 1170 3335 videren-

129 3396 191 3454 tur
220 3381 352 3450 iterum
385 3377 490 3476 prelo
517 3376 789 3471 subiiciendae,
829 3404 950 3452 meum
977 3379 1085 3472 duxi,
1121 3406 1169 3452 ne

129 3496 279 3571 illorum
306 3494 534 3593 indulgentia
567 3498 677 3570 nimis
709 3495 903 3589 abuterer,
945 3502 1068 3570 omnia
1099 3522 1168 3569 ac-

131 3614 291 3686 curatius
323 3626 360 3683 et
386 3609 601 3710 diligentius
626 3638 910 3715 recognoscere,
943 3616 1167 3712 praecipua·
1273 3694 1277 3703 Ι

131 3752 206 3827 que
228 3725 355 3799 saltem
375 3730 560 3826 corrigere
576 3728 781 3830 tollereque
799 3746 958 3829 peccata.
1006 3736 1051 3800 At
1069 3730 1167 3798 enim

130 3845 192 3918 vel
223 3846 277 3918 sic
308 3869 456 3936 vercor,
492 3851 697 3933 neomnia
728 3873 805 3921 non
829 3852 900 3922 sint
926 3843 1067 3918 sublata
1099 3868 1165 3916 re-

85 4042 89 4051 ,
130 3975 330 4061 motaque,
369 3964 408 4035 in
431 3962 569 4062 quibus
592 3963 667 4040 VV-
690 3965 770 4037 DD.
795 3962 981 4038 offendere
1004 3964 1164 4061 possint;

90 4096 97 4111 ·
132 4079 265 4149 etenim
291 4079 357 4176 qui
381 4104 558 4178 umquam
582 4079 772 4171 inlibris,
806 4083 879 4154 iam
905 4092 989 4152 ante
1019 4077 1165 4175 longius
