2616 4814
307 502 312 508 -
344 530 348 537 ,
399 538 402 543 ,
455 490 489 527 02
504 450 702 543 pausam.
718 473 773 528 aaa.
791 474 851 527 ne.
1125 474 1177 531 211

174 635 309 701 Subtitit
329 635 370 700 ad
390 650 518 703 veteres
538 657 630 701 arcus
651 636 874 723 madidamque
894 638 1071 722 Capenam

173 748 251 826 Hic,
273 739 330 802 nbi
351 753 526 803 nocturnae
547 743 649 803 Numa
670 739 882 803 constituebat
902 741 1033 804 amicae.

125 858 129 863 ·
173 841 265 905 Nune
287 840 370 905 sacri
391 841 488 905 {ontis
511 864 622 904 nemus
642 851 675 904 et
696 839 830 901 delubra
851 841 997 903 locantur

71 928 74 939 ¹
173 941 315 1023 Iudaeis,
338 964 476 1028 quorum
498 941 871 1029 cophinua,i0enumque
891 944 1046 1028 supellex.

175 1044 289 1108 Omnis
311 1045 395 1107 euim
415 1047 537 1130 populo
560 1044 743 1109 mercedem
764 1045 909 1128 pendere
930 1046 1014 1108 iussa
1035 1056 1083 1109 est

172 1144 301 1224 Arbor,
321 1158 353 1208 et
376 1146 485 1209 eiectis
506 1149 666 1211 mendicat
685 1147 765 1209 silva
787 1148 941 1230 Camenis.

171 1242 208 1308 ¹ln
230 1245 348 1310 vallem
368 1249 506 1333 Egeriae
527 1249 769 1330 descendimus,
790 1263 822 1313 et
843 1251 1010 1334 speluncas

119 1362 124 1371 “
147 1342 151 1353 ’
171 1349 351 1412 Dissimiles
372 1353 488 1415 veris«
877 1360 884 1374 ‘

212 1453 297 1537 Huic
315 1454 389 1516 loco
405 1455 540 1518 mendae
558 1455 679 1539 aliquid
697 1454 812 1533 inesse,
832 1474 893 1516 nec
907 1452 1076 1516 sententias
1092 1442 1174 1517 ben'e

130 1552 323 1634 cohaerere,
345 1558 484 1640 Ruperti
503 1558 566 1620 iam
587 1558 736 1636 sentiens,
760 1560 866 1639 ingo,
891 1555 1011 1640 inquit,
1031 1562 1175 1640 proHie,

131 1657 220 1741 quod
248 1657 385 1719 alienum
413 1659 542 1720 videtur
572 1658 611 1720 ab
642 1659 673 1720 b.
696 1661 737 1736 l.,
769 1658 918 1743 quoniam
948 1657 1038 1718 lucus
1067 1656 1126 1718 iste
1156 1676 1175 1717 a

129 1772 225 1843 porta
246 1760 373 1842 Capena
395 1760 591 1842 aliquantum
611 1760 742 1839 aberat,
775 1758 946 1842 legendum
980 1755 1174 1819 crediderim

130 1869 228 1943 Hinc,
250 1871 286 1921 ut
306 1880 416 1922 sensus
439 1860 497 1921 sit:
520 1860 604 1920 Hinc
625 1880 813 1942 progressus
833 1848 1012 1920 Umbricius
1033 1858 1174 1921 substitit

129 1961 296 2047 paululum
320 1961 359 2022 ad
382 1961 489 2022 lucum
512 1961 749 2022 Camenarum«
802 1961 842 2021 Ei
869 1959 998 2043 quidem
1027 1960 1174 2023 adversa-

130 2078 185 2128 tur
205 2062 371 2125 Heinecbe
393 2062 440 2144 (iu
463 2061 799 2124 Animadversiouibus
821 2064 853 2123 in
874 2064 1030 2126 Iuvenalis
1042 2065 1173 2146 Satires,

129 2166 203 2231 Hal.
225 2166 297 2226 Sax.
329 2164 455 2245 1804),
488 2163 562 2248 qui,
595 2163 776 2229 »Voculam
803 2174 871 2249 bic,
904 2166 1008 2250 inquit
1036 2170 1082 2250 (p.
1103 2170 1172 2249 68),

130 2265 268 2353 pessime
298 2264 483 2328 sollicitavit
508 2267 701 2349 Rupertius,
734 2265 904 2350 legendum
934 2287 1064 2330 censens
1090 2277 1172 2355 binc,

132 2369 206 2454 quia
227 2368 317 2430 littus
340 2389 356 2428 a
378 2380 471 2450 porta
493 2368 620 2451 Capena
644 2368 738 2451 longe
758 2382 900 2430 remotus
918 2368 1030 2447 fuerit,
1052 2382 1086 2432 ut
1101 2392 1172 2432 sen-

130 2492 183 2534 sus
211 2469 270 2532 sit:
303 2470 388 2532 Hinc
409 2468 589 2531 Umbricius
618 2490 810 2552 progressus
833 2470 980 2534 substitit
1007 2471 1171 2555 paululum

130 2574 172 2636 ad
193 2573 301 2634 lucum
323 2572 541 2632 Camenarum.
593 2571 640 2632 Ae
662 2571 800 2654 primum
822 2573 974 2656 quidem,
1005 2574 1033 2635 si
1055 2575 1196 2649 dicitur¹

131 2674 250 2735 factum
270 2691 339 2731 esse
360 2669 438 2752 quid
459 2671 498 2730 ad
521 2669 660 2752 aliquem
682 2672 807 2750 locum,
827 2671 882 2734 hic
902 2674 992 2735 loeus
1013 2674 1170 2739 valdere-

132 2788 236 2838 motus
257 2792 326 2835 esse
346 2784 462 2855 potest.
504 2772 559 2832 Sic
579 2771 741 2854 loquimur
762 2773 929 2856 depugna
950 2773 989 2835 ad
1008 2774 1170 2856 Arbelam,

132 2891 166 2942 et
184 2875 304 2945 Arbela
325 2871 508 2956 longissime
530 2872 639 2935 aberat
659 2894 677 2932 a
698 2893 810 2956 campo
829 2873 915 2934 illius
931 2895 1067 2957 pugnae.
1108 2880 1170 2942 Ne·

133 3000 196 3067 qne
217 2979 280 3040 boc
302 2976 400 3057 aliter
415 2970 487 3036 fieri
507 2985 631 3058 potest,
663 2972 721 3034 ubi
741 2973 847 3036 nullus
875 2976 964 3037 locus
985 2976 1116 3042 celeber
1137 2982 1171 3046 in

130 3081 266 3160 ricinia,
288 3100 351 3164 qun
373 3097 427 3140 res
449 3088 536 3160 gesta
559 3075 719 3157 designari
739 3076 849 3160 possit.
890 3078 1060 3142 Praeterea
1076 3081 1104 3142 si
1117 3085 1171 3146 vel

132 3183 267 3246 maxime
294 3188 345 3246 bic
374 3191 562 3262 corruptum
593 3190 694 3255 esset,
727 3190 830 3239 tamen
858 3186 931 3244 birse
950 3181 1050 3244 multo
1070 3186 1169 3270 magis

133 3285 288 3360 alienum,
311 3302 351 3342 ne
373 3278 450 3365 quid
471 3281 598 3363 gravius
613 3280 724 3342 dicam.
753 3275 849 3346 'Vide
865 3291 964 3343 totam
982 3288 1169 3352 sententiam

133 3405 153 3450 ο
172 3383 309 3467 Ruperti
330 3383 528 3445 coniectura:
562 3384 648 3443 Dum
668 3382 823 3445 Umbricii
851 3402 904 3444 res
925 3400 1169 3469 componuntnr,

133 3489 263 3574 paulurn
284 3483 424 3546 substitit
445 3484 484 3543 ad
506 3497 631 3567 portam
644 3485 802 3567 Capenam
823 3497 855 3547 et
871 3497 937 3551 tum
952 3487 1081 3568 paulum
1095 3488 1170 3551 sub-

122 3590 214 3654 stitit
235 3587 275 3650 ad
296 3587 404 3648 lucum
426 3586 643 3648 Camenarum.
684 3586 797 3648 Nullus
817 3587 879 3647 iam
900 3606 964 3646 non
980 3587 1083 3664 videt,
1104 3612 1168 3654 ma·

134 3693 219 3757 xime
247 3687 367 3771 frigere
396 3707 427 3750 v.
457 3689 506 3754 11.
541 3686 597 3747 ubi
626 3685 806 3750 Umbricius
835 3687 953 3748 dicitur
981 3689 1167 3775 substitisse,

135 3815 194 3856 nee
215 3791 345 3868 iecisse,
379 3807 438 3850 nec
460 3788 577 3850 dixisse
601 3787 789 3872 quidquam,
821 3787 879 3850 sed
900 3787 1028 3871 paulum
1054 3794 1168 3858 substi-

136 3897 226 3960 tisse.
263 3893 342 3987 Quis
363 3889 463 3953 ferret
482 3888 666 3969 hominem,
688 3891 748 3983 ¹qui
767 3890 800 3950 in
822 3889 1031 3952 describendo
1053 3893 1168 3961 itincre

138 3999 245 4082 aliquo
265 3994 357 4056 nobis
378 4012 505 4076 semper
523 4003 684 4069 narraret,
705 3989 762 4051 nbi
781 3989 814 4050 iu
835 3991 886 4051 via
906 3990 1034 4074 paulum
1055 3997 1168 4062 substi-

138 4099 231 4176 terit,
255 4097 398 4182 quamris
418 4094 496 4156 nihil
518 4094 690 4178 quidquam
710 4090 847 4153 fecerit?
874 4091 1010 4176 Vulgata
1030 4094 1117 4160 beue'
1133 4100 1186 4163 se'

139 4199 258 4282 babet,
271 4211 387 4263 tamem
398 4194 684 4282 interpunctionem
702 4191 881 4256 mutandam
896 4212 1037 4289 censeo,¹
1048 4193 1167 4281 puncto
1231 4206 1234 4210 '

895 4308 973 4382 14*

422 4458 451 4541 s
