2616 4814
528 424 700 481 maneam.
727 419 775 480 W.
1129 427 1184 484 lta

128 590 233 651 minus
249 587 492 670 absolvendam,
513 602 651 661 attamen
665 590 844 655 accuratius
859 589 1069 654 definiendam
1084 613 1181 678 pror·

87 756 89 760 ,
130 708 183 756 sus
203 693 391 776 requiritur.
442 684 594 754 Naturam
625 693 710 755 enlm
739 691 946 776 indolemque
967 714 1077 757 rerum
1109 697 1179 762 sire

130 793 375 856 substantiarum
405 794 506 879 ipsam
529 793 746 879 perspiciendi
774 793 931 857 facultatis
964 818 1062 878 quum
1081 798 1178 860 simus

131 910 297 980 expertes,
322 915 400 981 quas
421 896 526 959 animo
554 910 665 959 nostra
687 916 798 959 aarum
824 896 998 959 formamus
1022 900 1179 979 notiones,

129 998 189 1061 liae
218 1000 297 1060 nihil
324 999 410 1061 aliud
431 1012 520 1079 sunt,
551 1001 611 1061 nisi
639 999 827 1083 qualitatum
856 999 890 1059 in
912 999 974 1059 illis
995 1003 1179 1084 conspicua-

129 1114 202 1163 rurn
233 1101 491 1165 coacervationes
521 1102 612 1187 quasi
640 1101 1013 1185 coniunctionesqu01),
1053 1104 1179 1187 quibua,

93 1217 96 1222 ’
121 1193 221 1265 ¹linito
254 1204 414 1288 certisque
447 1205 590 1266 terminis
611 1190 871 1286 ,circumscripto
905 1205 1007 1287 spatio
1041 1206 1178 1268 inclusas

133 1325 231 1389 quum
259 1326 314 1367 eas
336 1306 532 1388 cogitamus,
565 1305 700 1368 iormsm
723 1305 881 1391 quandam
910 1305 1079 1368 tribuimus
1101 1294 1203 1389 ligu-¹

132 1424 276 1490 remque.
325 1409 447 1471 Forma
467 1409 551 1471 enim
573 1408 740 1492 figuraque
761 1408 801 1468 ad
823 1407 1068 1469 substantiarum
1092 1423 1181 1470 natu·
1269 1391 1273 1399 ’

128 1532 201 1571 ram
224 1509 333 1593 utique
354 1510 513 1593 pertinet,
544 1531 603 1573 nec
626 1511 747 1596 absque
768 1510 823 1571 illa
844 1511 909 1572 ulla
931 1498 1088 1573 inanimo
1110 1526 1182 1595 pot·

132 1625 182 1674 ast
201 1611 385 1695 informari:
424 1611 510 1674 unde
529 1611 582 1692 ht,
611 1624 663 1690 ut,
692 1612 964 1707 quemadmodum
984 1614 1017 1674 in
1039 1616 1180 1676 enuntia·

126 1715 272 1777 tionibus
301 1714 454 1799 temporis
482 1735 612 1798 semper
638 1713 784 1777 habenda
815 1728 864 1777 est
889 1715 990 1792 ratio,
1024 1715 1182 1800 huiusque

132 1820 222 1880 notio
251 1817 290 1878 ab
319 1804 523 1879 illisabesse
550 1835 615 1876 non
639 1829 767 1898 potest,
800 1816 842 1878 ita
870 1816 903 1879 in
936 1817 1181 1879 substantiarum

134 1919 224 2004 quasi
245 1917 441 2001 imaginibus
456 1916 645 2000 effingendis
667 1917 763 2000 spatii
788 1918 877 1979 notio
900 1918 1029 1979 accedat
1049 1921 1181 2001 prorsus

133 2042 264 2084 necessa
284 2021 335 2082 sit.
377 2018 523 2102 Spatium
545 2018 629 2079 enim
646 2030 838 2104 tempusque
856 2019 889 2082 id
906 2032 996 2099 sunt,
1018 2021 1101 2082 uude
1115 2041 1182 2082 om·

133 2143 190 2186 nes
211 2135 340 2184 nostrae
361 2121 503 2204 pendent
522 2118 743 2203 cogitationes.

215 2221 427 2287 substantivis
448 2221 547 2305 igitur
569 2222 776 2305 designantur
793 2222 1006 2300 substantiae,
1027 2220 1094 2285 sive
1109 2223 1182 2285 illae

136 2328 321 2415 qualitates,
349 2320 433 2410 quae
454 2344 566 2386 eorum
585 2337 730 2386 naturam
752 2325 958 2409 indolemque
979 2326 1182 2388 constituunt.

135 2433 181 2493 At
201 2450 280 2493 vero
302 2449 400 2513 quum
421 2427 518 2511 longa
537 2425 641 2489 maior
662 2427 792 2489 illorum
813 2449 964 2488 numerus
982 2446 1044 2489 non
1061 2446 1113 2489 res
1127 2428 1184 2488 ho-

135 2516 279 2597 minesve
299 2530 495 2614 singulares,
516 2550 597 2615 quos
618 2529 804 2613 philosophi
824 2529 1062 2592 individuorum
1083 2529 1184 2591 nomi-

136 2657 177 2697 ne
198 2634 440 2715 insignitarum,
461 2631 519 2693 sod
541 2652 655 2694 aarum
676 2634 790 2693 classes
814 2632 996 2714 generaque
1017 2629 1184 2712 significet,

136 2754 200 2796 non
231 2753 340 2795 omnes
360 2733 393 2792 in
414 2731 463 2792 his
485 2731 656 2793 individuis
688 2745 876 2793 occurentes
908 2733 1094 2814 qualitates,
1128 2735 1184 2793 sed

133 2854 194 2917 *eas
215 2818 356 2914 tantum,
384 2853 466 2918 quaa
487 2833 634 2895 omnibus
654 2832 694 2894 ad
714 2853 810 2895 unam
831 2833 964 2895 classem
984 2832 1110 2895 idemne
1131 2854 1185 2916 ge·

207 3104 240 3171 1)
267 3091 346 3155 idem
365 3094 460 3177 monti
481 3105 593 3171 quoqne
613 3079 787 3181 liernhaqdi,
818 3095 884 3169 qui,
913 3098 1010 3167 „Eine
1036 3098 1186 3170 Subblltnn,

139 3186 249 3263 inquit,
278 3191 317 3246 ist
333 3189 426 3244 nicht·
442 3190 543 3244 weitai·
560 3190 604 3244 als
622 3189 683 3244 eina
702 3176 896 3261 V‘or'ainigung
919 3192 1065 3246 mehraral'
1083 3193 1187 3265 Eigen-

139 3280 269 3337 sehults'n
294 3286 331 3333 nti
349 3280 425 3333 'sinet
443 3276 575 3344 Eluh'eit,
603 3278 648 3333 dio
667 3295 732 3332 man
750 3280 811 3332 also
837 3279 909 3332 auch
928 3280 1035 3334 wieder
1060 3288 1188 3336 bortren-

139 3354 210 3436 han‚
233 3368 365 3439 zerlegen
383 3369 439 3421 u'nd
453 3374 710 3423 zusammensaueu
723 3368 803 3422 laun.
821 3389 856 3408 ³-
873 3369 1054 3439 dttrillutlvo
1068 3372 1188 3423 dedoleo

142 3461 188 3514 dic
205 3458 395 3528 Empfindung
411 3459 457 3509 thr
474 3457 520 3509 dia
538 3457 744 3528 Imagination‚
765 3458 814 3511 das
828 3457 968 3513 Morlsmal
987 3460 1034 3511 ida
1050 3460 1103 3511 den
1119 3461 1188 3511 Vor-

141 3552 223 3606 stsnd
242 3566 310 3613 aus,
336 3548 392 3601 und
411 3545 481 3611 sind,
498 3546 559 3600 aine
584 3547 623 3601 im
641 3548 808 3607 substantii*
834 3547 965 3618 licgende
988 3552 1073 3611 llius,
1103 3549 1189 3602 ‹lerau

142 3637 334 3709 rollstdndiga
360 3633 541 3705 Auinhhlung
568 3635 613 3689 dio
641 3637 781 3691 Substann
804 3620 897 3689 sallust
924 3634 1094 3689 eonstituirt.
1131 3635 1188 3688 Um

141 3732 203 3786 sich
222 3731 272 3783 das
290 3729 410 3781 letatura
430 3711 555 3778 deutlich
575 3709 763 3791 nis'muchen,
784 3726 852 3779 seha
869 3722 951 3789 inin,
977 3740 1035 3777 was
1054 3724 1116 3776 eino
1137 3718 1188 3777 lir-

143 3817 264 3892 lsldrung
282 3808 327 3872 ist.
369 3806 412 3871 ist
430 3822 461 3887 cs
479 3809 557 3867 nicht
574 3806 622 3867 das
642 3814 774 3869 Aulldsc'u
794 3808 871 3867 dinei·
891 3807 1031 3867 Substanz
1050 3808 1188 3868 vollslain-

144 3912 194 3984 dig
210 3912 239 3966 in
258 3898 439 3963 vesontlielse
458 3900 631 3970 dissimula,
659 3898 715 3958 und
734 3911 810 3959 musa
835 3904 915 3956 nicht
938 3902 1189 3976 dia'hlsigllchloit

145 4005 196 4058 der
213 4001 332 4073 hbrigen
361 4010 416 4053 sus·
439 3997 533 4050 diesen
560 3995 732 4065 hergaleitct
756 3994 921 4049 verdeni“
955 3994 1189 4065 ¹Aniisngsguindc

145 4095 197 4149 dor
217 4088 527 4163 Sprachvissenachaitt
544 4086 642 4141 Barol,
657 4082 734 4139 isca.
753 4102 781 4157 p.
797 4083 851 4137 119
867 4089 897 4139 at
913 4082 974 4137 ilc.
1002 4085 1038 4137 el.
1055 4085 1189 4139 Bisudesn

146 4174 345 4257 Sprocblelmo.
362 4182 458 4237 haral.
473 4174 551 4236 1801.
570 4164 605 4233 Τ.
622 4164 646 4232 l.
664 4196 690 4248 p.
709 4176 763 4232 lot
779 4182 842 4246 sqq.
861 4181 892 4232 at
909 4164 963 4231 111
979 4162 1080 4246 sqq.·‘·''
1182 4253 1186 4263 „

967 4260 986 4335 9
