2616 4814
55 439 62 453 ,
133 338 204 443 m'
480 386 516 444 X.
551 390 686 461 &emmo
701 389 832 460 qnamdam

219 555 277 637 11)
317 550 369 617 De
396 552 640 638 pronominibus
666 561 796 639 alium,
824 562 1006 644 qsstsmsom,
1036 564 1122 623 nllus
1153 569 1186 622 et

136 667 277 741 medena,
297 668 393 741 atque
414 658 455 719 de
477 657 662 721 discrimine
682 659 766 723 inter
787 676 824 722 et
846 660 1075 725 intercedente.
1091 665 1124 744 ¹)

222 762 387 822 Douemur
407 760 616 845 plerumque,
651 763 858 824 vernaculum
872 767 1005 840 jemand
1029 784 1055 826 t.
1077 774 1187 845 irpeas

139 873 226 931 dner
253 862 364 924 Latina
392 863 499 946 lingua
526 862 668 949 exprimi⁸
691 875 956 945 unusquisquam
978 886 1003 927 s.
1024 876 1124 951 ullus,
1157 868 1184 927 si

138 966 191 1029 vel
212 963 367 1050 particula
390 963 495 1048 aliqua
516 963 718 1046 negationem
737 963 913 1044 indicente,
936 987 1007 1050 eg.
1024 990 1106 1052 nors,
1124 991 1202 1041 ster

118 1090 214 1151 ¹astte,
234 1089 311 1132 nece
332 1078 410 1143 etc,
444 1066 498 1129 vel
519 1065 677 1127 eiusmodi
697 1067 799 1131 verbo
821 1067 963 1130 adhibito
985 1067 1109 1153 aliquid
1129 1089 1183 1130 ne·

139 1191 268 1256 gemus,
290 1169 341 1232 val
362 1168 389 1231 si
411 1169 488 1254 quid
504 1168 755 1254 interrogamus,
778 1170 865 1254 qnod
881 1170 1082 1233 aestimamus
1098 1170 1181 1232 haud

95 1268 100 1281 '
138 1293 233 1358 posse
253 1271 382 1356 negari,
412 1271 465 1333 vel
488 1272 515 1333 si
543 1271 760 1357 comparativo
789 1272 949 1336 vocabulo
979 1274 1088 1336 addito
1107 1294 1182 1358 pars

138 1375 313 1439 tententiae
340 1373 486 1436 redditur
515 1394 650 1458 negans,
683 1394 711 1436 e.
732 1394 763 1459 g.
792 1384 911 1441 dimisis
939 1375 971 1436 in
1001 1375 1062 1437 bac
1089 1374 1182 1454 urbe,

140 1500 235 1565 quam
255 1478 286 1538 iu
309 1486 372 1542 ulta
400 1475 459 1537 alia
483 1488 695 1539 commoratus
716 1488 774 1538 est.
826 1478 917 1543 Voss
938 1487 1050 1560 altonis
1072 1489 1182 1540 contra

137 1581 302 1643 notionem
324 1577 522 1642 Germanicis
548 1577 611 1639 illis
634 1578 797 1640 vocabulis
827 1579 1001 1642 subiectam
1022 1592 1091 1663 turn
1111 1599 1179 1641 mo·

137 1702 253 1746 namur
272 1679 426 1764 exprimi,
447 1680 474 1740 si
497 1698 591 1741 omne
611 1677 767 1757 verbum,
787 1699 852 1764 quo
866 1679 926 1743 hec
943 1681 1069 1744 ratione
1085 1702 1181 1744 cuun-

136 1785 228 1849 tiatio
248 1781 341 1847 reddi
361 1781 462 1866 possit
482 1800 620 1866 negans,
651 1779 691 1841 eb
715 1800 752 1842 ea
773 1779 863 1843 absit.
914 1782 959 1845 At
989 1783 1074 1861 enim
1102 1804 1182 1848 vero

119 1909 210 1953 -rem
239 1906 303 1948 nou
330 1903 463 1968 prorsus
494 1883 538 1945 ita
566 1903 600 1945 se
629 1880 769 1962 babere,
801 1883 865 1945 iam
887 1883 962 1947 inde
983 1884 1181 1970 intelligitur,

139 1991 227 2078 quod
243 2000 390 2069 notatum
412 1984 607 2063 invenimur,
629 1982 661 2045 in
678 1980 790 2064 -hisce,
812 2004 889 2070 quas
911 1987 1009 2050 modo
1032 1989 1181 2069 diximus,

138 2089 405 2158 enuntiationibus
424 2087 497 2149 loco
518 2085 715 2170 pronominis
734 2094 847 2168 aliquis
868 2103 942 2171 post
962 2101 993 2156 si
1011 2112 1028 2153 e
1046 2093 1180 2176 scripto·

137 2196 228 2260 ribus
251 2193 354 2256 etism
380 2189 500 2252 Latinis
528 2200 688 2271 qnisquam
719 2188 882 2270 adhiberi,
916 2210 943 2253 e.
965 2212 996 2276 g.
1021 2192 1179 2273 Ostende,

119 2310 169 2367 -st
196 2297 264 2360 siue
292 2292 418 2357 armatis
447 2290 607 2353 coactisve
635 2289 815 2352 hominibus
848 2292 990 2356 deiectus
1019 2306 1181 2378 petronam

138 2402 197 2481 sit,
218 2419 311 2476 eum,
332 2395 388 2479 qui
408 2391 544 2456 letentur
565 2410 600 2453 se
621 2390 792 2471 deiecisse,
815 2393 944 2457 vincere
965 2397 1180 2479 sponsionem,

138 2503 168 2566 si
187 2496 351 2575 ostendat,
372 2514 445 2557 eum
466 2514 529 2555 nou
551 2493 737 2577 possedisse.
761 2494 827 2557 Cic.
847 2517 908 2579 pro
925 2496 963 2558 A.
978 2499 1112 2561 Caecius
1127 2506 1181 2580 31,

136 2609 190 2674 91.
229 2598 325 2663 Haud
338 2596 420 2659 ratio
440 2594 550 2658 afferri
562 2608 685 2679 potest,
707 2617 783 2676 cur,
805 2609 836 2664 st
853 2610 998 2681 ceteram
1017 2619 1102 2663 novo
1116 2602 1180 2665 civi

136 2715 267 2793 poterat
296 2699 392 2763 adimi
420 2698 550 2779 civitas,
579 2718 643 2761 nou
671 2700 817 2764 omnibus
837 2702 1002 2787 patriciis,
1032 2704 1179 2766 omuibus

137 2801 364 2892 antiquissimis
392 2800 515 2864 civibus
543 2800 654 2886 possit.
687 2800 766 2865 thid.
792 2805 849 2885 35,
880 2807 951 2876 131.
983 2841 1025 2855 ..-
1055 2809 1180 2874 Verum

139 2910 224 2975 euim
244 2926 324 2973 vero
345 2903 551 2968 inveniuntur
572 2905 665 2967 etiam
686 2905 767 2985 loce,
789 2926 978 2991 quemquam
1001 2907 1043 2969 ob
1058 2908 1108 2969 rei
1126 2930 1181 2970 na-

137 3026 243 3078 turam
262 3007 443 3087 mrissime,
463 3006 520 3067 nbi
539 3026 716 3091 pronomen
736 3017 898 3089 quispam
918 3008 1095 3071 adhibitum
1118 3024 1179 3091 est,

137 3117 216 3181 licet
233 3112 394 3176 rationum
414 3130 510 3194 snpra
530 3110 751 3193 ¹adpositarum
772 3109 859 3171 nulle
881 3109 1033 3194 adpareat
1053 3109 1085 3174 iu
1107 3132 1179 3176 sen-

123 3218 255 3294 ·teutia,
277 3226 413 3300 propter
434 3234 529 3298 quam
549 3213 629 3274 illud
649 3229 823 3295 pronomen
846 3212 1031 3294 ponendum
1052 3213 1177 3296 fuisset,

92 3386 96 3393 ,
138 3342 169 3388 e.
182 3342 213 3407 g.
231 3317 427 3382 Mirabantur
440 3316 494 3378 elii
510 3314 696 3392 amentiam,
721 3312 773 3374 cui
786 3313 1080 3396 comperendinato,
1103 3335 1178 3378 cnm

137 3438 204 3491 tam
223 3419 316 3483 multi
334 3430 430 3481 testes
452 3416 622 3494 dixissent,
652 3425 817 3496 quidquem
842 3415 971 3477 illorum
998 3417 1123 3480 veniret
1143 3419 1177 3481 iu

126 3539 286 3593 mentem.
318 3520 383 3583 Cic.
404 3520 437 3581 in
457 3506 602 3586 Verrem.
625 3515 684 3581 Or.
705 3519 767 3596 lX,
788 3519 846 3597 15,
866 3524 916 3589 33.
947 3552 989 3567 —-
1017 3518 1105 3581 Idem
1125 3540 1177 3583 cs·

30 4372 129 4512 ¹

138 3630 186 3694 dit
205 3629 238 3690 iu
256 3642 434 3711 pronomen
453 3629 553 3704 ullus,
574 3640 601 3681 e.
623 3640 654 3704 g.
675 3620 803 3704 Iniquus
825 3620 1005 3683 decumanis
1021 3641 1092 3684 esse
1110 3623 1176 3687 eie·

137 3733 193 3796 bat
213 3747 340 3805 omnes,
374 3723 429 3809 qui
451 3730 545 3787 ullane
564 3721 634 3807 agri
658 3723 784 3806 glebam
812 3722 1021 3807 possiderent.
1055 3724 1122 3787 Cic.
1141 3725 1175 3787 iu

136 3836 232 3904 Verr.
254 3830 313 3894 Or.
335 3827 426 3904 Vlll,
446 3830 503 3903 11,
531 3825 581 3893 98.
634 3827 691 3889 Est
713 3826 888 3911 captiosum
909 3824 1074 3905 omuibus,
1105 3846 1176 3888 rem

137 3945 233 4001 mlum
254 3928 403 3994 constitui
418 3926 591 4009 eiusmodi,
614 3947 712 4014 quae,
733 3948 807 3993 oum
829 3918 925 4023 ermis
944 3940 1032 4014 gesta
1052 3929 1103 4007 sit,
1123 3949 1175 3991 re·

135 4069 355 4089 fl*

204 4170 237 4241 1)
255 4168 319 4228 vm
330 4166 398 4224 tna
416 4166 494 4223 uses.
511 4183 556 4223 aa.
569 4165 794 4222 uncccxxx.
