2616 4814
255 426 294 477 ll.
326 427 364 479 De
382 425 499 479 Articuli
515 425 636 477 Graecae
654 421 767 491 liugane
786 422 908 492 Origine,
927 428 977 499 etc.
1117 424 1151 479 lt

103 592 280 655 accuratius
303 589 499 673 uberiusque
521 588 583 650 iam
604 606 688 649 nunc
711 585 874 669 explicare
903 600 997 671 atque
1020 588 1150 651 croire·

104 719 159 772 rc,
191 695 223 755 in
246 692 332 754 aliud
362 705 468 753 tamon
488 689 523 749 id
544 687 759 750 differendum
789 686 912 751 credidi
936 702 1078 772 tempus,
1109 714 1150 754 no

104 799 198 861 nimis
228 798 324 879 longe
349 816 366 856 a
389 793 557 878 proposito
579 791 779 871 aberrarem,
812 811 850 853 ea
869 811 908 853 ex
931 795 1149 875 grammatices

102 898 348 984 philosophicae
379 894 561 980 praeceptis
581 912 765 979 proponere
788 905 974 971 contentus,
1007 917 1088 979 quae
1108 892 1150 959 ad

103 1004 230 1067 articuli
253 1005 398 1067 Graecae
419 1000 565 1083 liuguae,
587 1018 683 1083 quem
700 996 906 1060 Grammatici
925 997 1045 1083 antiqui
1058 1020 1150 1082 prae·

101 1106 275 1192 positivum
296 1118 429 1182 vocant,
450 1116 596 1167 naturam
617 1099 823 1186 indolemque
842 1101 1069 1164 enucleandam
1082 1105 1151 1187 pla·
1214 1174 1217 1179 ¹

103 1231 144 1271 nc
165 1223 237 1273 sunt
257 1208 447 1271 necessaria.
491 1209 534 1268 At
555 1223 636 1269 vcro
658 1204 691 1265 id
712 1205 899 1289 priusquam
917 1205 1150 1291 adgrediamur,

10 1352 13 1357 -
105 1310 197 1393 origo
225 1311 351 1372 articuli
380 1300 560 1373 summatim
588 1302 828 1391 universimque
864 1304 993 1370 videtur
1022 1309 1150 1374 investi·

104 1410 225 1493 ganda,
262 1411 305 1472 ita
326 1424 361 1472 ut
382 1431 445 1472 nou
467 1412 612 1472 Graecae
633 1407 737 1469 solum
756 1407 884 1490 linguae
906 1407 1078 1473 habeamus
1100 1435 1151 1477 ra·

104 1512 243 1590 tionem,
264 1513 320 1574 scd
340 1515 462 1597 linguas
484 1512 579 1574 simul
601 1510 809 1595 respiciamus
829 1511 1037 1595 recentiores,
1059 1516 1151 1579 atad

103 1617 247 1687 ¹veritatis
267 1618 374 1679 lucem
394 1618 463 1680 illas
486 1637 558 1680 cnm
580 1617 703 1681 Graeca
724 1616 941 1700 comparando
968 1636 1008 1680 eo
1030 1620 1149 1683 certius

103 1721 301 1784 accedamus.

186 1824 332 1886 Primum
361 1816 459 1909 igitur
487 1825 527 1889 sd
549 1824 637 1889 illam
664 1844 723 1889 nos
748 1815 969 1889 convertamus
998 1824 1151 1913 linguam,

105 1947 205 2011 quase,
226 1929 370 2014 quamvis
392 1949 506 2015 perse
527 1931 607 2014 ipsa,
629 1952 726 2016 quum
747 1929 883 1993 naturali
904 1929 958 1991 illa
979 1930 1012 1993 ri
1033 1944 1066 1995 et
1079 1954 1151 2016 gnua

14 2110 17 2115 Ι
103 2031 219 2111 ¹vitate,
253 2055 315 2118 qua
343 2053 372 2095 e.
393 2052 425 2115 g.
453 2032 562 2117 lingua
584 2033 760 2116 Anglicana
781 2044 814 2094 et
834 2032 1023 2094 Germanica
1046 2037 1151 2097 eucel⁶

104 2128 192 2210 lunt,
212 2145 249 2193 ut
269 2133 491 2211 celeberrimi,
513 2133 627 2217 quiea
647 2126 697 2192 usi
718 2144 808 2208 sunt,
841 2131 1013 2213 scriptores
1035 2143 1152 2195 testan

103 2244 172 2311 tur,
203 2232 298 2318 plane
320 2235 432 2298 orbata
452 2234 512 2313 sit,
544 2254 608 2297 non
630 2251 825 2329 magnopere
848 2231 1019 2293 intentiore
1043 2234 1152 2298 studio
1220 2282 1223 2287 -

100 2333 200 2418 digna
220 2337 385 2417 videatur,
422 2350 529 2401 tamen
550 2336 667 2400 nostris
688 2328 892 2451 temporibus
909 2335 1054 2396 omnibus
1076 2338 1152 2420 illis,

106 2439 163 2521 qui
191 2439 231 2499 ad
259 2440 370 2502 altiora
393 2440 556 2521 nituntur,
588 2440 670 2502 scitu
693 2460 788 2523 quarn
810 2437 945 2499 maxime
973 2441 1152 2505 necessaria

105 2550 172 2616 est,
200 2539 470 2622 Francogallioam
492 2542 631 2620 scilicet,
661 2553 695 2603 et
717 2540 898 2615 videamus,
928 2539 1013 2600 unde
1035 2543 1152 2606 articn

100 2641 155 2703 dus
177 2638 250 2718 ille,
286 2640 342 2725 qui
363 2662 380 2701 a
401 2642 620 2704 Grammaticis
652 2663 767 2739 parum
791 2653 939 2703 accurate
966 2646 1076 2716 sattius
1096 2645 1151 2707 ad-

105 2734 264 2823 pellatur,
297 2735 453 2823 originem
479 2743 622 2804 innuerit,
675 2734 756 2805 Sunt
784 2752 864 2806 iero
894 2732 987 2803 buius
1024 2738 1151 2807 articuli

61 2919 64 2925 Ι
108 2842 190 2903 duae
211 2839 351 2923 formae,
374 2861 508 2925 quarum
528 2841 628 2903 altera
647 2844 871 2923 masculinum,
892 2844 992 2907 altera
1009 2866 1088 2907 vero
1105 2845 1151 2911 fe
1242 2856 1245 2861 '

105 2944 260 3009 mininam
287 2966 388 3035 genus
418 2944 593 3019 indicatur,
625 2949 654 3009 lc
682 2936 804 3007 scilicet
831 2948 863 3009 e't
890 2959 929 3015 ln.
985 2949 1064 3045 Quis
1092 2964 1152 3035 est,

106 3048 163 3134 qui
182 3071 245 3113 non
267 3049 393 3129 videat,
419 3047 476 3110 has
497 3067 594 3112 voces
615 3068 653 3109 re
672 3067 751 3111 vera
770 3045 850 3107 nihil
869 3038 955 3112 alind
976 3073 1061 3133 csse,
1090 3046 1155 3119 nisi

105 3153 231 3215 ultimas
252 3152 387 3235 syllabas
409 3151 608 3237 pronominis
624 3150 866 3213 demonstrativi
886 3161 953 3235 tlte,
973 3165 1041 3240 illo,
1062 3156 1152 3221 ideo*

107 3277 188 3341 qua,
220 3257 247 3316 si
268 3257 307 3317 ad
329 3257 471 3340 ipserum
493 3255 650 3339 originem
671 3255 881 3338 respicimus,
914 3255 1033 3319 nullam
1058 3261 1152 3325 aliam

105 3358 240 3479 proprie
260 3356 407 3421 habuisse
429 3356 710 3443 significationem,
742 3370 838 3441 quam
859 3362 941 3440 quae
965 3355 1013 3418 illi
1032 3380 1154 3441 prono*

106 3460 184 3522 mini
204 3456 238 3521 in
257 3461 369 3522 Latina
389 3460 454 3522 lino
435 3474 496 3544 gu'a
514 3460 614 3524 fuerit
634 3454 811 3541 adtributa,
833 3474 903 3522 eam
925 3459 1093 3544 nimirum,
1114 3476 1153 3527 ιιι

106 3585 176 3626 rem
207 3552 408 3645 indigitaret,
442 3564 483 3625 de
504 3582 566 3647 qua
587 3556 767 3650 loquimur,
800 3570 833 3626 et
854 3582 948 3649 quam
977 3567 1153 3629 acaetcris

107 3666 248 3730 eiusdem
279 3666 406 3751 generis
435 3665 533 3727 rebus
562 3656 757 3762 distinguere
784 3668 947 3753 cupimus
998 3666 1094 3761 Quod
1122 3666 1152 3731 si

107 3770 171 3831 iam
198 3769 238 3831 ad
266 3770 406 3853 linguam
435 3766 575 3829 italicam
601 3757 846 3852 progredimur,
876 3760 987 3832 eadem
1007 3787 1081 3830 saue
1102 3789 1152 3833 ιιι

106 3872 195 3933 tione
217 3868 416 3933 articulum
406 3892 440 3931 ιιι
461 3869 530 3953 ipsa
553 3870 753 3951 reperiemus
773 3869 962 3949 formatum,
994 3869 1036 3931 ita
1061 3868 1152 3933 vide⁴
1195 3896 1197 3901 ·

106 3973 258 4052 licet,t1t
281 3991 298 4036 u
318 3965 510 4058 pronomine
529 3970 604 4051 illo,
636 3973 727 4034 cuins
746 3973 844 4056 paulo
866 3984 937 4034 unte
957 3972 1153 4035 mentionem

107 4074 260 4165 lecimus,
292 4076 446 4141 deductus
468 4076 527 4168 sit,
559 4076 591 4138 el
612 4075 836 4138 alterutram
824 4076 924 4160 upsius
952 4076 1043 4138 nobis
1065 4066 1153 4137 e'xlri

107 4176 182 4243 beat
203 4180 372 4266 syllabam,
405 4172 507 4267 eaqtiu
530 4186 681 4245 constet·
711 4178 874 4243 Articulis
892 4180 995 4265 enim,
1025 4178 1153 4265 linguas

925 4284 946 4352 ἓ
