2616 4814
347 413 397 479 pes
414 411 469 447 soa
487 393 520 447 ais
537 393 625 463 ipsias
641 409 694 446 sse
711 395 788 462 epod
805 393 957 483 Homerum.
975 374 978 379 ι
1124 388 1127 395 “
1145 394 1181 451 Β

134 585 229 647 supra
251 556 406 640 vidimus,
428 572 501 622 sunt
521 578 569 638 ea,
594 577 677 644 quae
696 556 807 618 massis
828 556 975 642 imposita
990 572 1074 639 sunt,
1096 579 1178 647 quae

135 656 265 750 quidem
283 663 450 750 partibus,
481 662 612 729 minime
642 679 723 724 rero
749 658 920 725 individuis
942 676 1103 743 coustant3
1146 672 1181 726 et
1289 698 1293 703 ·

134 770 183 831 his
204 766 303 852 ig'itur
332 758 513 831 nominibus
535 785 681 852 quoque,
716 761 778 825 nisi
800 750 943 828 dirersas
962 766 1104 829 eiusdem
1129 764 1180 828 rei

133 868 308 955 respiciunt
328 866 474 955 species,
495 867 711 931 additamento
732 885 797 928 nou
818 885 899 951 opus
921 881 983 948 est,
1005 888 1069 954 quo
1088 888 1181 931 accu-

124 974 232 1035 'ratius
258 972 474 1058 designentur.
503 970 580 1059 'Sic
602 969 697 1035 etiam
725 989 760 1032 ee
781 989 834 1031 res
856 968 954 1033 habet
980 972 1085 1058 quoad
1105 970 1180 1034 sub·

134 1077 269 1140 stantiva
286 1076 460 1156 abstracta,
483 1071 599 1161 quibus
614 1071 765 1137 articulus
782 1074 916 1156 proprie
939 1096 1003 1137 non
1023 1075 1097 1138 addi
1109 1087 1179 1161 pot·

136 1191 203 1258 est,
235 1179 297 1240 nisi
318 1179 482 1256 notiones,
516 1197 597 1261 quae
618 1197 678 1260 per
700 1195 737 1239 ea
759 1176 998 1260 exprimuntur,
1030 1178 1074 1241 ita
1095 1199 1181 1242 com·

136 1294 266 1363 paratae
286 1295 377 1360 sunt,
400 1294 435 1344 ut
456 1281 546 1367 quasi
567 1281 599 1342 in
619 1299 737 1364 genera
759 1277 858 1343 dividi
879 1281 1011 1365 possint.
1057 1278 1181 1375 Quodsi

48 1462 56 1473 „
122 1382 169 1467 ‚5¹¹
191 1373 252 1445 uns
282 1383 423 1448 alterave
451 1382 558 1468 lingua
583 1380 663 1444 haec
693 1381 915 1466 grammatices
940 1380 1181 1468 philosophicae

135 1498 307 1568 praecepta
329 1484 567 1570 negliguntur‚·
584 1483 658 1545 inde
679 1503 744 1546 non
766 1497 832 1564 est,
866 1485 953 1568 quod
982 1485 1180 1569 colligamus,

135 1583 190 1645 ssla
216 1605 296 1648 vero
323 1584 409 1650 haud
437 1607 506 1650 esse
533 1598 760 1667 consentanea,
792 1585 846 1650 vel
872 1586 984 1649 saltem
1006 1586 1047 1649 da
1068 1606 1182 1649 eorum

135 1687 271 1755 veriats
291 1712 387 1776 passe
408 1690 567 1769 auratam
609 1689 766 1775 peculiari
787 1672 850 1753 hoc
870 1691 978 1775 pocus
998 1690 1180 1754 sanassen-

136 1788 212 1851 dum
241 1805 290 1855 est
318 1791 498 1876 linguarum
520 1791 640 1875 indoli,
673 1813 755 1878 quae
776 1793 957 1872 interdum,
989 1815 1053 1878 quo
1077 1793 1181 1855 minus

134 1905 306 1976 praecepta
329 1894 383 1956 illa
404 1895 635 1975 observentur,
655 1894 884 1978 impedimento
906 1908 971 1977 est,
992 1894 1023 1955 id
1046 1892 1133 1980 quod
1152 1914 1181 1958 e.

135 2012 165 2074 g.
188 1993 220 2054 in
242 1993 349 2079 ling'ua
372 1996 562 2061 Germanica
583 1994 665 2058 tunc'
681 2017 743 2058 usu
763 1996 870 2076 venit,
903 1997 930 2058 si
950 1997 1086 2059 nominis
1106 2016 1183 2081 pro·

134 2093 218 2176 prii,
241 2095 328 2178 quod
349 2111 501 2180 exparte
523 2081 749 2160 indeclinabile
770 2109 839 2175 est,
873 2117 964 2160 casus
984 2096 1098 2180 aliquis
1120 2116 1183 2181 ope

23 2236 27 2243 -
136 2197 263 2260 articuli
285 2196 421 2261 indicari
443 2199 548 2262 debet.
591 2192 653 2262 'sta
675 2220 805 2287 quoque
825 2200 859 2260 in
882 2199 989 2284 lingua
1010 2196 1183 2263 vernacula

136 2301 339 2366 substantivis
362 2304 528 2367 abstractis
544 2302 704 2367 articulus
723 2303 880 2389 praeponi
901 2304 1003 2384 solet,
1031 2302 1060 2366 si
1079 2304 1183 2367 notio-
1284 2378 1292 2396 θ

114 2405 228 2468 ‘nibus
249 2428 309 2490 per
330 2407 398 2491 ipsa
421 2408 580 2493 expressis
611 2429 720 2470 rerum
743 2429 803 2492 per
825 2429 860 2470 se
883 2407 1072 2471 exstantium
1094 2419 1183 2469 natu·

136 2529 205 2570 ram
227 2508 385 2573 subiicere
406 2500 575 2590 volumus,
619 2510 702 2573 sicut
723 2509 808 2572 idem
830 2510 863 2572 in
884 2508 1065 2572 nominibus
1085 2508 1183 2570 colle·

57 2688 60 2694 ·
138 2611 229 2674 ctivis
249 2610 320 2675 fieri
341 2612 443 2691 solet,
465 2613 492 2673 si
513 2633 566 2673 res
585 2632 647 2696 per
668 2614 738 2696 ipsa
757 2611 935 2694 designatas
956 2624 1117 2695 tamquam
1133 2608 1181 2673 tof-

129 2701 206 2776 ‘tum
228 2710 357 2799 aliqu'od
381 2714 620 2776 consideramus
643 2714 913 2799 exhibemusques
935 2713 969 2775 id
983 2713 1069 2799 quod
1086 2712 1182 2798 longe

141 2816 233 2878 aliter
254 2815 287 2876 in
308 2814 483 2900 Anglioana
504 2833 539 2876 se
559 2812 657 2875 babet
678 2814 802 2898 lingua,
835 2837 916 2899 quae
945 2827 1019 2878 ante
1039 2812 1183 2895 substan·

34 2884 49 2944 ⁸·
139 2917 204 2981 tiva
227 2914 323 2978 modo
345 2914 504 2977 nominata
527 2912 702 3014 articulum!
717 2915 811 2998 plane
831 2916 963 3003 respuit,
1074 2902 1077 2913 ¹

219 3019 355 3081 Nomius
384 3017 577 3100 adpellativa
606 3015 705 3101 igitur
724 3038 763 3081 ea
784 3030 874 3098 sunt,
909 3038 992 3105 quae
1013 3017 1183 3081 articulum
1220 3088 1223 3093 ,

137 3123 277 3204 reddunt
304 3121 537 3200 necessarium,
569 3139 630 3182 nec
651 3120 772 3206 absque
793 3141 852 3202 eo,
882 3120 945 3184 uisi
972 3120 1182 3206 perspicuita-

137 3237 202 3288 tem
231 3224 369 3287 orationi
398 3223 509 3285 deesse
538 3223 706 3302 volumus,
737 3221 842 3287 ubivis
871 3222 1018 3286 adhiberi
1037 3234 1181 3309 possunt.

138 3329 269 3392 Latinus
289 3327 419 3412 quidem
439 3344 546 3388 sermo
567 3326 735 3388 arficalum
756 3326 851 3411 plane
871 3326 1017 3409 ignorat5
1057 3336 1090 3387 at
1103 3324 1181 3409 'quis
1246 3307 1251 3315 ¹

140 3444 208 3510 eet,
241 3429 296 3515 qui
316 3429 456 3506 nesciat,
489 3441 604 3513 quanta
634 3428 710 3491 inde
736 3428 899 3507 interdum
915 3427 1114 3492 obscuritate
1133 3424 1183 3488 of·

140 3528 316 3596 fundatur?
357 3529 494 3592 Nomina
515 3530 706 3617 adpellative
728 3532 828 3612 enim,
851 3531 971 3595 utiam
990 3530 1182 3608 monuimus,

149 3687 371 3704 Μ

129 3774 205 3868 peip
230 3771 431 3855 συςὲλλεται
460 3769 497 3838 ἐκ
517 3772 581 3856 τῆς
600 3772 737 3858 πολλῆς
763 3774 949 3863 ποιότητος
969 3774 1012 3862 τῇ
1033 3771 1180 3863 παραθέ-

142 3899 190 3944 σει
211 3875 274 3942 τοῦ
297 3869 440 3965 ἄρθρου.
477 3878 613 3959 (Nomius
629 3891 759 3962 propria,
788 3896 904 3962 propter
918 3889 1034 3945 insitam
1052 3890 1181 3961 proprie·

141 3986 246 4045 tatem,
264 3977 370 4032 nonita
382 3977 508 4051 indigent
525 3979 661 4048 articulo,
679 3980 754 4036 sicut
770 4000 817 4048 ea,
837 3998 910 4051 quae
930 3981 964 4035 de
981 3981 1112 4037 universo
1127 3980 1181 4034 all-

143 4085 198 4138 quc
217 4086 319 4155 genere
337 4068 485 4135 dicuntur,¹
519 4087 592 4139 quae
610 4077 829 4142 potestatam
848 4072 1017 4129 concubant
1034 4089 1068 4125 cx
1089 4072 1181 4125 multe

143 4158 281 4229 qualitate
298 4159 414 4216 articul
432 4160 609 4233 runcone.)
