2616 4814
541 423 711 479 Commta.
730 423 752 478 l.
1133 426 1169 484 98

129 603 199 653 rste
226 603 322 676 atque
350 587 521 677 diligenter
546 587 716 675 perpensis
745 585 854 670 potins
876 590 1075 654 statuendum
1099 613 1169 658 esse

129 693 283 769 arbitror,
313 688 523 767 consonantes
545 711 647 779 aeque
668 711 705 754 ac
725 690 855 752 vocales
876 692 945 754 sine
963 706 1168 783 muluo'pro-

128 794 265 858 nuntiari
284 812 380 877 posse
402 792 602 874 adiumento,
632 806 665 856 at
685 792 767 855 banc
787 802 908 855 tantum
928 793 1014 858 inter
1033 798 1102 860 illas
1122 801 1168 861 in·

128 897 296 959 terccdere
316 884 548 977 differentium,
568 907 606 958 ut
625 896 784 958 vocalium
805 913 919 974 sonus,
942 897 1091 980 quamdiu
1106 901 1169 987 spi-

127 999 209 1061 ritus
229 997 382 1077 sufficiat,
411 999 514 1081 possit
533 997 690 1083 produci,
717 997 745 1060 is
764 1016 784 1059 e
804 998 988 1079 contrario,
1010 1021 1075 1085 quo
1096 1023 1169 1067 con-
1273 1006 1277 1015 '

129 1116 276 1166 sonantes
298 1100 493 1182 efferuntur,
513 1104 580 1165 ictu
602 1101 741 1164 malleoli
763 1101 875 1164 similis
897 1102 954 1180 sit,
984 1126 1082 1189 quum
1102 1106 1170 1170 rix·

81 1284 85 1291 .
129 1204 206 1265 dum
227 1190 355 1265 auribus
373 1215 545 1288 perceptus
566 1205 672 1267 statim
693 1216 869 1267 evanescat.
912 1205 1050 1272 Vocsles
1071 1207 1185 1292 igitur

131 1305 332 1368 considerari
348 1319 480 1390 possunt
499 1318 658 1390 tamquam
679 1325 716 1368 ea
737 1305 895 1367 elementa
914 1304 1061 1390 linguae,
1087 1328 1170 1394 quae

130 1407 242 1471 formis
270 1410 445 1474 verborum
473 1409 713 1477 consonantium
734 1428 797 1493 ope
826 1407 941 1471 efflictis
964 1411 1054 1495 quasi
1074 1413 1172 1476 vitum

129 1511 301 1596 inspirent,
330 1512 373 1577 'ss-
377 1524 539 1598 umquam
567 1513 744 1591 elementa,
778 1511 893 1598 quibus
924 1533 1062 1598 corpora
1083 1513 1172 1579 effin-

129 1628 264 1698 guntur,
295 1626 433 1715 ιιιαιιιιιι
454 1629 595 1680 extrema
623 1628 832 1680 consonantes
860 1616 1056 1680 constituunt
1073 1616 1172 1682 lines·

128 1698 423 1801 mensa1).1u'de
443 1740 573 1805 quoquc
594 1719 759 1804 explanari
779 1729 906 1803 potest,
935 1739 998 1803 qua
1018 1718 1059 1781 de
1079 1739 1172 1783 causa

127 1821 269 1886 Hebraei
298 1824 381 1887 solss
402 1823 579 1888 verborum
607 1835 816 1885 consonantes
835 1821 984 1887 scribere
1011 1821 1173 1886 habebunt

129 1924 220 2005 satis,
242 1924 335 2009 quia,
355 1923 468 1987 formis
490 1925 580 2011 qussi
601 1925 776 1988 verborum
796 1922 839 1986 ita
861 1900 1042 2003 delineatis‚
1063 1923 1105 1986 ob
1126 1925 1172 1986 in·

129 2026 236 2111 opiam
257 2028 345 2106 eius,
379 2050 442 2112 qua
463 2029 654 2104 utebantur,
685 2027 812 2108 linguae
831 2025 910 2108 ipsis
939 2045 1002 2087 non
1024 2048 1173 2113 magnum

128 2129 293 2213 negotium
321 2143 408 2209 erat,
439 2130 604 2193 vocalibus
626 2122 779 2190 addendis
809 2127 879 2188 illas
902 2125 1020 2190 formas
1042 2130 1076 2191 iu
1097 2151 1173 2195 vera

129 2253 268 2319 corpora
288 2244 496 2311 convertere,
517 2233 586 2294 sive
608 2232 722 2310 etiam,
744 2230 771 2291 si
790 2228 847 2292 bas
867 2228 989 2293 formas
1010 2244 1174 2318 tamquam

129 2358 269 2421 corpora
289 2336 547 2416 consideramus,
567 2333 617 2397 bis
638 2333 831 2418 corporibus
848 2344 887 2395 e'a
900 2333 1025 2399 ratione
1038 2336 1173 2449 anisnam

131 2439 226 2524 quasi
240 2439 406 2523 inspirare.
578 2445 585 2475 '
954 2488 959 2497 ,

209 2542 259 2602 Ex
279 2539 393 2601 barum
422 2537 553 2624 quidem
581 2538 750 2603 literarum
780 2537 1007 2600 coniunctione
1027 2538 1173 2622 syllabas,

131 2653 166 2703 ct
186 2662 226 2702 ex
253 2641 430 2702 coniunctis
459 2638 588 2721 syllabis
616 2661 713 2703 voces
733 2638 823 2719 fieri,
854 2639 961 2703 notius
984 2651 1050 2721 est,
1079 2663 1173 2726 quam

131 2755 169 2802 ut
188 2742 276 2802 dictu
296 2742 337 2802 sit
357 2761 448 2824 opus.
489 2741 554 2803 Sed
575 2742 757 2826 quaeritur,
778 2765 842 2827 qua
861 2746 908 2805 re'
920 2742 1003 2806 duae
1022 2745 1173 2828 pluressc

133 2844 271 2927 syllabae
292 2844 335 2906 ita
356 2844 604 2926 coniungantur,
623 2857 660 2906 ut
679 2846 785 2906 stasim
805 2846 976 2928 adpareat,
1005 2866 1057 2909 cas
1079 2870 1173 2911 unam
1234 2899 1239 2919 ,

132 2949 232 3011 solam
255 2947 384 3010 allicere
404 2944 543 3011 vocem?
563 2947 710 3010 Forsitan
731 2949 804 3033 quis
823 2949 1033 3032 respondeat,
1053 2951 1086 3012 id
1099 2953 1173 3016 inde

132 3051 253 3114 clarum
272 3049 361 3127 fieri,
388 3050 416 3111 si
436 3049 584 3133 pluribus
606 3050 690 3113 inter
711 3070 746 3112 se
767 3050 942 3112 coniunctis
963 3051 1091 3134 syllabis
1112 3074 1173 3116 uns

132 3155 290 3233 solares,
311 3175 367 3216 seu
388 3136 495 3238 potius
515 3151 603 3215 linita
626 3166 658 3216 et
678 3153 718 3217 sb
740 3153 827 3216 omni
847 3166 940 3239 parte
960 3155 1102 3218 absoluta
1117 3178 1173 3220 no·

131 3257 177 3320 tio
198 3237 402 3342 significetur.
442 3258 487 3319 At
506 3278 585 3322 vero
607 3257 670 3320 boc
690 3259 851 3320 internum
873 3270 921 3320 est
941 3258 1110 3341 indicium,
1141 3275 1174 3324 et

133 3360 221 3442 quod
241 3359 376 3426 formam
396 3359 615 3422 tantummodo
636 3372 776 3445 spectat,
795 3360 926 3423 minime
946 3383 1026 3427 vero
1047 3364 1086 3437 ad
1108 3386 1172 3426 ma·

130 3463 245 3524 seriam
254 3464 290 3551 a)
319 3473 426 3553 polest
452 3461 624 3546 adplicari:
667 3476 834 3526 externum
861 3484 991 3550 quoqne
1017 3466 1099 3529 adsit
1117 3485 1172 3526 ne·
1244 3514 1247 3519 .

136 3639 357 3656 m

132 3750 314 3810 Bssnnschv.
331 3749 410 3806 llas
433 3750 486 3805 Bd.
502 3751 541 3804 ll.
557 3747 601 3804 st.
616 3748 642 3804 5.
659 3770 686 3821 ιι.
703 3751 747 3807 89.
787 3751 886 3805 lleber
904 3751 1009 3804 Vocale
1026 3748 1082 3802 und
1102 3748 1173 3803 Gon·
1237 3816 1240 3821 ι

132 3845 294 3906 sonantes),
320 3857 394 3893 nnnc
412 3839 525 3910 qnidam
543 3837 717 3911 paucissimis
734 3856 769 3896 cs
785 3841 948 3911 adpcnonds
964 3837 1080 3908 putari,
1101 3854 1173 3957 quac

132 3929 281 3985 maximam
300 3928 345 3982 illi
362 3931 455 3988 lucem
473 3931 585 3985 adferre
602 3929 742 3985 videnlur.

199 4020 231 4084 1)
255 4016 424 4077 Germanica
441 4018 539 4090 lingna
559 4036 593 4073 es
615 4019 651 4078 dc
667 4035 751 4072 causa
769 4015 874 4069 credidi
898 4016 1011 4069 vocales
1029 4016 1173 4084 adpcllsn-
1242 4086 1246 4093 .

134 4106 182 4161 das
199 4125 260 4162 esse
278 4111 464 4174 Grundlaute,
482 4111 672 4166 Consonsntes
686 4125 759 4183 ⁸vcro
776 4106 1057 4175 Bestimmusgsluale.

198 4193 232 4266 ²)
257 4184 428 4271 Lagussa,
447 4198 531 4259 ffim
547 4197 647 4258 in'lho
662 4203 738 4254 nost
755 4192 986 4265 comprehensive
1002 4190 1094 4254 view,
1120 4189 1173 4242 ἱιιι-
