2616 4814
154 422 208 486 ω
498 413 535 469 X·
567 414 703 484 Exemplo
718 416 849 485 quaedum

154 599 199 663 tia
215 605 248 658 et
262 589 302 653 de
315 584 393 651 aliia.
435 588 484 646 Da
503 601 537 645 se
555 588 658 662 ipsum
674 591 856 663 modicos
873 585 1012 662 deforme
1025 596 1082 669 sat,
1103 586 1192 671 qnod

154 692 385 785 expectandum
405 697 469 764 est,
490 684 566 746 dum
585 684 639 746 alii
660 697 693 747 te
713 685 851 748 laudent.
889 687 925 748 in
944 688 1006 751 hoc
1027 694 1191 772 pronomi-

152 806 201 869 nis
221 811 287 884 ipso
305 814 380 872 nau,
403 786 508 874 quod,
528 787 556 849 si
572 808 634 871 qua
648 799 697 850 est
708 788 887 873 oppositio,
907 790 948 852 sd
960 792 1096 855 alterum
1114 814 1191 877 pro·

43 898 48 911 ⁸
150 922 267 971 nomen
286 891 492 961 referendum
512 889 572 968 sit,
591 888 703 951 Bromi
723 890 763 951 ad
785 892 854 952 Fas.
877 909 906 953 c.
926 895 964 960 11
992 893 1082 957 iuuit
1101 892 1190 956 appi,

149 1007 222 1074 beri
243 998 393 1090 quasdam
413 993 592 1072 cautiones,
626 1013 704 1077 quas
723 992 873 1077 equidem
893 1014 1002 1058 omnes
1031 1017 1071 1059 eo
1091 1017 1188 1062 revo-

149 1108 309 1183 caverim,
338 1111 392 1177 ut,
424 1096 451 1158 si
472 1095 558 1180 quod
580 1106 629 1156 est
648 1094 784 1157 subiecti
810 1096 994 1180 oppositum
1021 1099 1130 1163 verbis
1150 1100 1189 1161 il·

148 1214 206 1280 lud
225 1222 427 1294 expressum,
459 1198 512 1262 vel
533 1197 792 1281 intelligendum,
824 1211 878 1263 aut
905 1200 933 1262 si
961 1201 1081 1285 agentis
1104 1203 1188 1267 ratio

146 1314 247 1399 magis
268 1302 437 1393 spectanda
459 1313 492 1363 et
514 1297 696 1378 efferenda,
720 1321 816 1384 quam
837 1300 925 1380 eius,
947 1301 979 1362 in
994 1323 1088 1387 quem
1103 1304 1187 1367 aetio

146 1418 303 1492 vertitur,
324 1424 502 1495 pronomen
524 1412 590 1485 ipse
609 1403 651 1466 ad
671 1403 808 1468 verbum
828 1407 1095 1470 accommodetur.
1136 1411 1187 1471 Ex

146 1544 211 1611 <1¹10
232 1514 363 1604 quidem
382 1506 523 1597 singulos
553 1505 642 1568 locos
664 1505 807 1569 iudicare
836 1526 932 1591 saepe
952 1520 1000 1571 est
1022 1507 1085 1572 hoc
1104 1509 1187 1572 diffi-

147 1625 257 1701 cilius,
279 1614 366 1705 quod
387 1624 419 1675 et
438 1608 655 1695 pronominis,
678 1621 712 1672 et
724 1622 906 1672 ceterorum
920 1611 1093 1676 verborum
1109 1632 1185 1676 con.

145 1722 312 1795 sideranda
325 1713 494 1781 collocatio
508 1725 566 1775 est.
606 1714 688 1774 Nam
701 1733 800 1797 quum
814 1723 879 1796 ipae
892 1713 1084 1801 plerumque
1097 1717 1184 1779 iuxta

144 1836 279 1897 alterum
299 1836 478 1909 pronomen
498 1826 656 1898 ponatur,
686 1813 725 1876 ab
746 1814 810 1877 hoo
832 1836 897 1877 non
917 1816 1048 1883 debebit
1067 1818 1184 1883 abalie-

142 1935 214 2004 nari
241 1926 422 2009 referrique
450 1918 490 1982 ad
518 1918 715 1999 subiectum,
745 1918 773 1981 si
801 1920 954 1983 remotius
982 1922 1023 1985 sit
1036 1922 1185 1987 'subiecti

142 2032 352 2109 vocabulum,
387 2038 420 2089 et
444 2022 498 2086 vei
527 2040 590 2084 nna
616 2039 697 2086 voce
718 2020 821 2084 aliena
850 2022 889 2085 ab
909 2032 976 2106 ipae
996 2024 1184 2105 seiunctum,

142 2135 398 2215 u10,33‚119.
429 2125 677 2204 et11,191.l.
719 2128 803 2187 Tum
824 2125 904 2189 illud
926 2128 1021 2190 etiam
1041 2148 1104 2192 non
1126 2152 1183 2194 ne.

142 2242 325 2337 gligendum
347 2248 413 2313 est,
445 2231 473 2293 si
496 2228 623 2315 quando
644 2237 710 2313 ipae
731 2230 824 2292 alteri
844 2232 1025 2316 pronomini
1047 2255 1184 2319 praepo·

142 2353 237 2413 situm
258 2341 316 2415 sit,
337 2337 376 2399 ad
397 2334 429 2395 id
451 2353 513 2394 non
536 2331 641 2393 solere
662 2330 788 2393 referri.
829 2333 939 2417 Itaque
959 2355 1022 2397 non
1041 2346 1104 2421 epar·
1116 2347 1181 2423 aas,

141 2457 218 2533 spoia
235 2449 324 2507 nobis
343 2436 477 2511 dicitnr,
498 2432 554 2494 sed
570 2443 636 2513 ipse
657 2440 729 2517 ridi,
750 2441 811 2514 ipsi
827 2441 942 2500 notia«
962 2472 1005 2485 -
1023 2438 1183 2503 Aoonrate

140 2555 204 2617 iam
226 2540 371 2613 omnibus
392 2532 599 2601 consideratis
620 2545 715 2618 atque
736 2532 906 2617 diligenter
925 2539 1110 2621 perpensis,
1134 2541 1183 2603 Ι..

138 2668 263 2719 teamur
283 2658 412 2705 neeesse
430 2632 500 2717 eat,
521 2636 553 2697 in
571 2630 808 2719 investigando,
830 2656 895 2721 quo
916 2659 1094 2722 pronomen
1115 2650 1182 2725 epse

138 2752 233 2823 alteri
254 2742 436 2833 pronomini
458 2737 639 2803 adiunctum
659 2739 739 2825 poni
759 2738 874 2802 debeat
894 2760 987 2823 casu,
1019 2744 1053 2805 id
1080 2744 1181 2831 inpri-

9 2836 20 2904 ,ι
136 2859 197 2925 mis
226 2847 462 2939 reappetendum
490 2864 561 2908 osae
591 2842 892 2929 quaerendumque,
924 2867 1000 2906 nnm
1029 2850 1117 2932 quod
1138 2852 1181 2916 sit

138 2958 338 3051 oppositum,
359 2970 489 3040 quoque
510 2946 544 3010 id
566 2944 790 3027 referendum,
810 2960 917 3009 utrum
939 2947 978 3009 ad
989 2949 1179 3035 subiectum,

102 3071 105 3077 '
137 3062 225 3153 qnod
246 3069 379 3133 vorant,
400 3051 552 3130 actionis,
574 3072 614 3113 an
634 3050 675 3113 ad
696 3071 785 3129 eum,
805 3050 838 3112 in
860 3071 955 3135 quem
976 3054 1059 3117 actio
1078 3060 1178 3123 verti.

135 3182 207 3245 ψη
229 3168 324 3247 atque
344 3154 384 3223 τὸ
406 3166 472 3241 ipse
494 3154 561 3216 eius
582 3172 710 3234 semper
731 3171 837 3211 casum
854 3150 947 3235 sequi
963 3152 1107 3239 debere,¹
1121 3179 1176 3223 eu·

135 3264 185 3328 ius
206 3259 418 3334 eontrarium,
438 3254 491 3318 vel
510 3252 618 3319 verbis
640 3271 824 3335 expressum
846 3251 904 3332 ait,
925 3254 978 3316 vel
999 3271 1104 3322 mente
1121 3263 1177 3324 ad·

135 3364 339 3449 iungendum.
390 3356 487 3452 Quod
508 3356 534 3418 ai
556 3355 674 3440 quise.
695 3375 726 3438 g.
748 3354 883 3417 relatum
905 3356 1090 3443 audivisset,
1119 3366 1176 3427 ali·

135 3468 188 3535 ani
214 3464 280 3530 vim
308 3482 376 3525 esse
406 3459 542 3536 illatam,
573 3475 633 3517 neo
653 3474 733 3543 vero
755 3454 796 3517 ad
823 3455 958 3541 singulas
983 3460 1192 3530 adtendisset=

133 3592 202 3649 res,
235 3568 318 3629 inter
346 3564 421 3625 alias
442 3560 499 3623 ille
520 3558 719 3643 quaestiones
746 3557 858 3620 harum
883 3581 1012 3647 qnoque
1040 3565 1175 3633 duarum

134 3677 319 3739 alterutram
346 3674 530 3753 proponere
558 3672 683 3746 posset:
725 3672 795 3743 puis
823 3672 852 3727 es
876 3673 939 3728 eim
959 3674 1077 3753 umet,
1110 3672 1174 3752 rel,

133 3781 203 3853 puts
230 3781 277 3833 sat
296 3774 360 3849 ille,
391 3776 444 3830 cus
462 3774 524 3829 sun
544 3766 672 3828 intulit?
712 3763 777 3823 lam
798 3763 825 3824 si
845 3764 892 3843 is,
918 3762 957 3826 de
979 3786 1043 3850 quo
1065 3791 1170 3837 sermo

135 3886 202 3949 est,
223 3868 284 3933 'sibi
306 3870 375 3954 ipse
394 3879 531 3929 mortem
552 3864 773 3945 conscivisset,
795 3865 835 3927 ad
855 3867 996 3950 priorem
1014 3874 1172 3956 quaestio·

132 3997 206 4039 nem
227 3971 485 4056 respondendum
504 3968 609 4048 ioret,
639 3976 698 4034 sibi
720 3978 786 4050 ipse
812 3978 1013 4056 vimineum,
1047 3975 1087 4038 ad
1113 3997 1170 4061 po.

133 4075 321 4152 steriorem,
352 4080 411 4138 sibi
428 4082 489 4154 ipss·
508 4070 572 4136 aim
591 4078 703 4136 molit.
751 4072 825 4131 Huc
853 4092 981 4156 quoque
1008 4095 1044 4138 ea
1071 4081 1169 4162 perti·

133 4192 227 4253 nare,
250 4194 331 4258 quae
352 4172 559 4237 Gernhardus
581 4169 721 4235 secundo
740 4170 816 4234 icoo
836 4170 1000 4258 adposuit,
1026 4198 1168 4261 monens,
