2616 4814
177 391 214 457 40
324 390 380 449 111.
412 392 454 448 De
468 391 590 463 purtim
601 392 737 483 orationib
754 394 842 451 indole
859 399 939 465 atqua
956 399 1066 450 nutura.

86 562 91 573 ‘
176 561 286 626 Meuia
307 559 399 623 Poat.
420 557 477 623 Gr.
497 568 530 620 at
549 557 590 621 R.
611 556 676 640 agit
688 557 739 641 1),
767 555 824 621 ubi
845 557 973 655 aquia,
1001 559 1123 644 inquit,
1150 569 1215 623 um·

175 661 308 727 bebetee
329 679 421 724 auree
441 657 557 739 habet,
578 659 661 744 quin·
676 656 808 738 sentiat,
828 658 975 744 longiora
994 660 1157 740 voeabula,
1178 673 1215 724 ut

176 753 513 855 ϊολυιιρσιγμοσιίιιι),Ἰ
541 756 844 850 εὐδαιμονέστατος
872 782 892 825 e
920 763 1066 847 pluribus
1093 763 1214 826 ordini·

175 869 236 931 bue
266 880 429 948 constare,
462 879 557 950 atque
586 864 706 931 ideireo
732 866 830 930 etiam
858 865 984 951 aaepina
1007 866 1117 946 lerini,
1151 866 1214 930 hoo

175 970 290 1048 modo,
309 961 642 1058 πολυπράγμοσύνη.
666 962 967 1057 εὖδαίμοιιέστατος
987 967 1136 1046 (fontanae
1148 988 1214 1031 me·

174 1074 236 1139 lius
255 1069 592 1160 εὕδαιμονέστατος),
614 1069 648 1132 hi
669 1071 796 1135 oudinet
818 1085 940 1151 autem,
961 1085 1111 1158 utsupra
1133 1070 1214 1135 dixi·

174 1200 262 1259 mm,
295 1188 384 1239 certe
399 1173 437 1237 in
459 1172 521 1236 fine
543 1175 696 1259 cuiusque
717 1175 810 1238 verbi
840 1176 878 1237 ad
899 1196 1057 1239 nummum
1076 1190 1141 1240 tres
1162 1196 1213 1238 ao·

174 1302 232 1346 noa
252 1278 385 1341 habent:
428 1276 461 1338 in
488 1277 602 1338 mediis
630 1277 794 1341 vocabulis
816 1275 951 1342 fontanae
972 1280 1084 1360 etiam,
1116 1279 1213 1364 quie

172 1380 319 1469 pluribus
339 1378 424 1441 aonia
445 1389 607 1459 constent,
628 1379 817 1463 repen-aria«
838 1410 886 1449 -,
900 1382 977 1444 »Eat
993 1402 1072 1442 unua
1091 1393 1214 1443 tantum

173 1495 338 1559 accentus,
370 1491 478 1542 monet
497 1480 537 1548 V.
558 1481 600 1541 D.
631 1479 694 1543 alio
717 1481 858 1564 loona),
890 1480 935 1562 ia,
954 1501 1063 1567 ¹(uuam
1086 1495 1215 1546 acutum

172 1594 290 1652 v'ouant
309 1583 521 1668 grammatici:
545 1583 636 1668 ioque
656 1585 756 1648 ictum
776 1606 884 1648 areana
899 1582 1041 1666 indimt,
1062 1608 1143 1672 quae
1165 1600 1218 1650 eat·

93 1735 97 1752 .
173 1692 208 1755 in
229 1688 382 1773 cuiusque
396 1686 546 1752 vocabuli
560 1708 694 1752 numero
709 1688 828 1751 ultima.
846 1675 849 1683 ’
870 1686 997 1752 Etenim
1013 1691 1099 1775 qnod
1113 1711 1213 1753 unum

173 1795 324 1858 duntaxat
345 1804 510 1856 noeentum
531 1791 647 1876 auique
666 1791 823 1856 vocabulo
839 1791 983 1855 tribuunt
1003 1793 1212 1877 grammatici,

106 1930 109 1937 ,
172 1895 207 1958 id
229 1893 332 1980 quivis
353 1892 466 1956 falsum
488 1913 558 1956 eane
579 1894 806 1958 animadvertat
824 1880 955 1958 necesse
976 1907 1042 1981 eat,
1072 1895 1212 1981 quando·

172 1998 302 2085 quidem
324 2018 406 2082 quae
428 2009 502 2060 ante
521 1995 606 2060 huno
628 2012 753 2085 acutum
775 1997 912 2082 syllabae
936 2011 1026 2081 aunt,
1050 2019 1158 2061 omnes
1178 1999 1212 2060 in

66 2086 72 2093 ¹
171 2099 337 2163 amoruain
359 2096 589 2183 computandae
609 2096 724 2164 forent.
773 2100 810 2163 Id
831 2115 937 2166 autem
958 2122 999 2165 ne
1028 2101 1220 2186 pronuntia·.

169 2201 215 2266 tio
243 2200 311 2284 ipsa
340 2199 579 2264 incommodum
608 2221 678 2264 ease
708 2215 836 2286 arguat,
870 2223 911 2267 oo
937 2223 1065 2292 quoque
1089 2203 1212 2287 poterit

169 2301 294 2380 refelli,
326 2303 414 2385 quod
442 2301 632 2384 syllabarum
662 2322 849 2365 anacruseoa
880 2304 1021 2367 omnium
1050 2325 1110 2386 par
1141 2325 1211 2366 ease

169 2426 318 2468 mensura
338 2403 444 2466 debet.
487 2403 595 2487 Atque
617 2404 705 2488 ipsae
727 2405 880 2467 dictiones
903 2405 1069 2468 enclitieae
1089 2421 1212 2470 eontra·

168 2509 254 2573 rium
274 2488 442 2585 minuunt,
472 2527 606 2590 quarum
629 2529 726 2592 quum
747 2507 826 2571 haee
847 2508 888 2571 sit
909 2522 1038 2589 natura,
1064 2524 1100 2575 ut
1120 2533 1212 2596 prae·

170 2610 295 2677 cedenti
316 2606 418 2674 verbo
439 2620 600 2695 tamquam
619 2633 694 2696 para
716 2613 782 2676 eiua
803 2612 1029 2699 adiungantur,
1052 2615 1212 2701 duplicem

169 2717 201 2783 oi
228 2715 349 2797 verbo,
384 2713 412 2778 ai
431 2730 721 2802 puopanouytonon¹
744 2732 797 2791 aut
825 2720 1132 2806 properiapomenon
1153 2736 1221 2803 eat‚.

169 2821 289 2887 addunt
319 2833 500 2902 accentum,
531 2835 567 2885 nt
587 2817 768 2915 ἅνθρωπός
789 2849 862 2901 τις,
895 2825 990 2914 σῶμά
1012 2851 1090 2914 μου.
1148 2828 1211 2886 Re·

168 2926 242 3011 gula
260 2922 359 3009 igitur
380 2923 465 2989 acuti
486 2923 633 2988 aooeutua
656 2926 827 2988 adhibendi
848 2925 928 2988 haee
950 2938 1015 2987 eat:
1037 2945 1146 2999 earum
1161 2945 1210 2983 ar·

168 3030 268 3109 aium,
301 3047 383 3114 quae
412 3028 566 3114 cuiusque
595 3028 744 3094 vocabuli
772 3027 1034 3111 proprietatum,
1068 3026 1210 3086 nltimam

167 3146 288 3196 tantum
317 3142 449 3194 accentu
477 3131 592 3193 notari.
642 3130 678 3191 Id
710 3142 815 3191 autem
842 3140 1013 3210 propterea
1040 3125 1093 3206 fit,
1126 3127 1210 3212 quia,

170 3254 267 3318 quum
296 3232 675 3293 omniumnumeronum
704 3227 781 3291 linea
816 3228 961 3290 subtilius
993 3228 1210 3308 exaudiantur,

168 3336 341 3420 plurimum
363 3328 479 3411 refert,
502 3332 646 3395 ultimam
668 3331 750 3394 arsin
772 3344 861 3395 recte
882 3331 1014 3396 notari«
1036 3370 1076 3381 -
1096 3335 1139 3397 At
1155 3354 1209 3397 ve·

168 3457 208 3501 no
229 3437 283 3497 ille
304 3434 405 3511 ictus,
425 3433 520 3518 plane
542 3434 687 3497 diversus
710 3433 748 3495 ab
772 3454 829 3512 eo,
856 3433 910 3518 qui
927 3454 967 3496 ex
984 3447 1115 3498 accentu
1133 3454 1209 3519 pro·

167 3536 239 3623 pria
266 3536 311 3598 aie
340 3533 426 3596 dicto
454 3533 689 3619 proficiscitur,
722 3534 762 3597 da
784 3556 847 3620 quo
869 3557 926 3599 noa
954 3557 1050 3622 supra
1078 3536 1208 3618 egimus,

102 3705 107 3713 ,
169 3652 301 3704 accentu
322 3637 460 3724 quodam
481 3637 669 3703 secundario
685 3638 717 3721 3)
740 3636 896 3721 allicitur,
930 3659 1025 3726 quem
1050 3651 1210 3723 tamquam

172 3788 391 3809 -ι--ι

234 3897 267 4050 di
286 3915 320 4038 db
331 3899 444 4047 7ediantnd.
464 3988 531 4044 aaa
549 3988 598 4043 (ln.
617 3989 665 4045 Gr.
681 4009 709 4062 p.
725 3990 770 4047 bi.

237 4070 268 4138 8)
288 4074 438 4131 Praeclara
454 4094 527 4132 uana.
537 4095 573 4132 eu
588 4086 670 4146 auat,
696 4096 769 4148 quae
786 4075 903 4135 Walter
921 4075 957 4131 de
974 4075 1028 4128 boe
1045 4070 1207 4144 maundaria

170 4159 288 4217 tradidit
304 4169 438 4230 accentu,
455 4181 506 4221 neu
521 4165 569 4221 hie
587 4167 750 4224 omittenda.
785 4165 962 4234 „Hitbeuto,
981 4162 1074 4234 inquit
1091 4159 1137 4216 vir
1154 4160 1207 4213 ille

72 4364 156 4532 ἱ
207 4550 210 4555 ,
