2616 4814
562 708 566 713 .
612 642 672 726 x.

293 823 638 913 exuamus
668 820 996 943 QUAEDAM

625 1022 668 1065 EX

127 1154 724 1219 PROLUSIONIBUS
794 1154 919 1218 lND.
980 1152 1163 1215 Lucu.

210 1598 245 1680 1)
267 1549 460 1662 Adnotatio
489 1599 541 1683 ad,
556 1597 663 1662 Tibul.
692 1599 783 1683 Eleg.
812 1599 858 1679 ll,
886 1594 928 1679 4,
958 1598 1001 1671 53
1020 1618 1067 1682 sq.
1108 1594 1165 1659 ubi

128 1696 245 1787 haecce
267 1703 434 1787 leguntur:
993 1754 996 1759 .

211 1804 298 1896 Quin
320 1804 414 1865 etiam
437 1802 529 1864 sedes
550 1802 659 1865 iubeat
677 1802 704 1863 si
727 1801 869 1863 vendere
890 1800 1000 1879 avitas,

252 1906 299 1967 Ite
322 1904 380 1967 sub
402 1904 590 1988 imperium,
614 1904 672 1964 sub
694 1902 900 1986 titulumque,
921 1902 1031 1964 Lares.

128 2008 261 2091 Duplici
282 2008 367 2072 bunc
390 2000 505 2083 locum,
519 2007 681 2091 explicare
702 2004 806 2067 conati
827 2026 934 2067 sumus
955 2005 1089 2083 ratione,
1110 2023 1166 2066 no·

129 2109 243 2194 bisque
264 2110 360 2173 liceat
382 2122 549 2195 utramque
570 2109 623 2170 bic
645 2107 821 2191 adponere,
843 2120 878 2169 ut
898 2108 969 2176 VV.
989 2107 1063 2167 DD.
1086 2106 1166 2169 diiu-

130 2212 238 2276 dicare
259 2213 397 2297 possint,
419 2212 563 2297 quaesit
583 2207 802 2296 praeferenda.

103 2348 106 2353 ·
213 2314 357 2377 Primum
375 2316 505 2400 quidem
522 2316 560 2377 ad
576 2315 682 2376 locum
698 2310 788 2372 illum
805 2308 1167 2394 explanandumbseece

131 2416 164 2478 iu
184 2417 324 2479 medium
345 2418 537 2502 protulimus
553 2419 601 2499 1):
628 2416 746 2479 Sensus
767 2413 910 2497 ipsorum
932 2434 1082 2478 versuum
1104 2415 1167 2479 ola·

131 2540 187 2582 rus
208 2533 256 2583 est
284 2532 380 2605 atque
400 2521 612 2604 perspicuus„
644 2516 805 2596 Nemesis,
834 2516 922 2579 cuius
943 2537 1052 2579 amore
1072 2528 1169 2600 poeta

133 2619 300 2680 devinctus
328 2632 417 2699 erat,
446 2640 577 2680 munera
604 2619 805 2701 postulabat3
839 2633 872 2682 et
894 2641 958 2704 quo
981 2620 1071 2682 donis
1100 2642 1169 2691 eam

134 2738 317 2802 expugnare
337 2717 454 2802 possit,
484 2720 631 2781 Tibullus
652 2720 832 2797 constituit,
863 2721 916 2782 vel
937 2734 1069 2804 paterna
1093 2744 1170 2786 ven-

135 2820 213 2882 dere
234 2820 326 2883 bona.
368 2820 454 2914 Quid
475 2820 536 2883 sibi
557 2841 635 2883 vero
656 2821 789 2905 propris
808 2821 887 2883 velit
908 2819 947 2886 τὸ
965 2832 1011 2887 ite
1031 2830 1087 2886 sub
1107 2834 1169 2888 im-

110 2914 113 2921 ’
131 2933 271 3007 perium,
292 2923 332 2985 de
354 2943 393 2985 eo
414 2920 631 2985 addubitatum
653 2935 710 2984 cst.
753 2922 859 3015 »Quid
876 2923 916 2984 sit
937 2931 993 2987 sub
1009 2933 1171 3004 imperinm

133 3036 196 3109 ire,
230 3025 335 3110 inquit
353 3028 464 3108 Heyne
485 3024 518 3085 in
540 3023 793 3087 adnotationibus
815 3024 855 3085 ud
875 3025 896 3085 l.
918 3025 939 3085 l.
961 3045 1054 3087 nemo
1076 3026 1172 3088 iuter·

77 3118 88 3129 ⁶
134 3139 264 3210 paetum
285 3126 373 3190 dixit.
420 3130 542 3211 Nempe
561 3127 607 3206 is,
638 3127 692 3213 qui
713 3126 811 3204 bona,
837 3125 870 3186 in
892 3147 1028 3210 qnorum
1048 3147 1172 3212 posses-

136 3229 258 3291 sionem
284 3228 396 3290 missus
424 3241 490 3307 est,
523 3228 650 3308 vendit,
681 3228 735 3312 qui
758 3227 955 3311 magistratus
983 3230 1172 3293 auctoritate

137 3330 315 3393 auctionem
330 3328 443 3407 habet,
463 3330 490 3390 is
507 3340 648 3395 dominus
666 3345 816 3408 vocatur3
837 3330 946 3416 itaqua
963 3331 1172 3414 cimmerium

137 3431 319 3497 tribunus«
362 3432 521 3514 Sequatus
542 3452 620 3493 vcro
644 3444 691 3493 est
704 3432 920 3512 Gronovium,
945 3432 999 3517 qui
1017 3436 1064 3517 (in
1076 3436 1170 3498 Obss.

138 3535 184 3613 ΙΙ,
205 3534 250 3614 6.)
272 3533 380 3594 locum
401 3532 433 3591 in
454 3533 592 3619 Senecae
614 3533 721 3595 Contr.
736 3534 789 3600 vl.
813 3547 987 3597 exstantem
1008 3535 1050 3595 ita
1066 3556 1172 3597 emen-

138 3637 235 3716 dans,
266 3647 302 3696 ut
322 3654 384 3718 pro
406 3641 462 3697 sub
483 3643 604 3698 domino
624 3648 742 3699 rectore
762 3646 881 3701 uenalia
908 3635 1077 3717 legendum
1103 3659 1173 3701 esse

139 3740 289 3822 opinetur
312 3744 369 3801 sub
389 3744 510 3800 domino
532 3748 648 3798 sectore
667 3744 803 3820 uenum,
824 3736 904 3799 baec
925 3734 1043 3799 adfert:
1076 3749 1172 3804 »Sce-

139 3853 189 3904 tor
209 3852 273 3918 est,
305 3837 360 3923 qui
381 3836 465 3897 bona
485 3832 670 3915 confiscata,
702 3858 783 3922 quae
812 3851 844 3901 et
869 3838 937 3922 ipsa
965 3848 1058 3903 sectio
1088 3839 1173 3905 dico·

139 3938 272 4016 bantur,
293 3938 386 3999 simul
408 3936 501 4018 emit,
523 3936 697 4025 eademque
718 3939 850 4024 singulis
870 3951 982 4025 postea
1002 3939 1173 4006 vendit-

140 4068 358 4087 W

209 4136 241 4203 ι)
260 4136 293 4195 v.
305 4098 370 4193 'nu
388 4138 466 4199 uus
484 4156 528 4199 aa
542 4138 757 4199 unoooxm.
