2616 4814
20 416 23 423 '
105 403 157 463 150
403 405 467 460 vll.
502 407 542 460 De
559 404 735 475 Temporibus
757 404 846 469 Varii,

187 575 245 637 His
266 571 415 656 expositis
437 570 628 632 aoristorum
657 571 776 632 mentio
796 569 954 648 iniicitnr,
985 591 1065 655 quos
1086 572 1144 634 do·

108 686 161 741 oet
177 674 259 737 illud
277 673 429 757 temporis
450 685 659 750 momentum,
695 692 792 757 quc,
813 672 911 757 quod·
926 671 1044 735 factum
1074 694 1144 737 esse

108 777 302 861 significent,
323 775 441 839 factum
462 776 522 849 sit,
545 793 676 856 prorsus
697 776 882 860 relinquere
902 777 1077 855 incertum,
1102 779 1143 838 si-

11 892 16 902 ·
108 878 174 940 mul
193 892 341 957 monens,
361 899 425 939 non
447 876 552 937 solum
573 878 740 957 praeteriti
760 877 915 963 temporis
936 877 1073 940 inveniri
1090 897 1144 939 ao·
1193 954 1197 963 ι

107 983 218 1062 sistus,
237 983 297 1045 sed
315 981 489 1066 praesentis
512 980 605 1043 etiam
625 977 798 1064 futurique.
1087 975 1090 981 ’

189 1085 280 1178 Quae
306 1084 434 1168 quidem
464 1083 567 1145 omnia
597 1082 743 1166 quamvis·
768 1082 808 1149 V.
839 1081 879 1143 cl.
907 1081 1041 1143 maxima
1070 1101 1142 1143 cnm

106 1188 275 1271 sagacitate
299 1185 524 1270 explicaverit,
545 1184 579 1245 id
598 1196 703 1268 tamen
713 1184 826 1267 ‘ipsum
840 1182 932 1245 uobis
948 1183 1050 1246 minus
1067 1204 1162 1268 pro·-

106 1291 231 1354 bavisse
252 1280 389 1373 ingenue
408 1286 561 1366 fatemur,
592 1286 697 1370 quod,
724 1287 806 1348 sicut
825 1305 952 1364 omnes,
983 1306 1063 1370 quos
1083 1307 1143 1348 nos

108 1391 236 1476 quidem
255 1390 471 1473 inspeximus,
500 1387 695 1473 grammatici
716 1386 749 1471 in
771 1373 951 1470 temporum
972 1388 1143 1470 generibus

108 1491 330 1576 investigandis
350 1492 503 1555 actionem
533 1491 636 1552 statim
666 1486 880 1572 effectumque
906 1489 983 1557 iude
1002 1491 1143 1573 penden-

107 1606 172 1656 tem
191 1593 349 1677 respexit,
383 1593 525 1676 haecque
555 1606 628 1654 'cum
655 1590 718 1651 illis
739 1590 905 1677 copinnxit
931 1593 1142 1655 commiscuit-

103 1709 181 1781 que.
232 1696 310 1758 Inde
339 1716 413 1758 sane
442 1694 558 1757 facturn
585 1706 649 1771 est,
682 1704 719 1755 ut
738 1686 892 1777 qua'edam
918 1692 979 1754 sibi
1004 1694 1143 1758 invicem

108 1798 264 1860 contraria
285 1811 379 1882 atqua
399 1797 607 1881 repugnantia
629 1795 805 1878 adponeret
823 1784 1037 1882 traderetque.
1068 1803 1142 1862 Huc

106 1901 314 1983 pertinente.
336 1919 366 1983 g.
388 1920 445 1979 ea,
467 1919 547 1985 quae
571 1897 610 1960 de
632 1908 773 1967 hortatus
790 1904 844 1978 fui
863 1898 1018 1976 adseruit,
1047 1922 1141 1984 quam

105 2001 242 2065 formam
269 2001 414 2065 adfirmat
442 2025 458 2064 a
487 2000 632 2086 perfecto
661 2010 802 2066 hortatus
829 2023 901 2066 sum
928 2021 966 2063 eo
996 2001 1140 2082 differre,

108 2104 211 2188 quod,
233 2126 326 2189 quam
347 2124 417 2166 rem
437 2105 499 2165 hoc
520 2115 556 2164 ut
571 2102 789 2186 imperfectam
803 2114 902 2186 ponat
913 2103 946 2164 in
962 2117 1141 2187 praesente,

107 2205 237 2266 eandem
257 2205 336 2285 iliud
359 2206 391 2267 in
413 2205 527 2266 eodem
547 2218 694 2288 tempora
709 2204 847 2266 collocet
861 2216 898 2266 ut
910 2204 1084 2268 absolutam
1096 2208 1140 2288 ¹),

107 2328 294 2391 quamquam
323 2307 419 2388 paulu
448 2321 520 2371 anta
538 2309 574 2385 2)
604 2305 785 2389 perfectum
810 2307 1017 2370 contenderat
1043 2329 1140 2397 agere

106 2409 146 2470 de
168 2429 223 2486 re,
251 2427 332 2491 qnae
361 2421 488 2489 peracto
506 2420 637 2484 ·exstet‚
670 2407 745 2469 sive.
767 2407 823 2469 diu
848 2421 936 2487 ante,
967 2409 1037 2474 sive
1056 2430 1140 2473 nunc

105 2507 230 2570 demum
253 2507 397 2590 coeperit
418 2522 547 2589 peracta
568 2522 702 2570 exstare.
742 2511 795 2587 Ut,
818 2530 899 2593 quae
918 2511 1010 2572 nobis
1030 2512 1140 2577 viden·

21 2651 25 2660 -
104 2621 174 2688 tur,
195 2621 305 2690 aperte
327 2607 498 2688 fateamur,
521 2610 561 2670 in'
575 2623 757 2694 temporum
779 2610 923 2677 doctrina
941 2613 1138 2697 explicanda,

104 2711 224 2774 etiamsi
244 2711 378 2775 verbum
403 2713 559 2774 actionem
587 2712 765 2797 significans
794 2713 828 2775 in
850 2715 1000 2777 auxilium
1023 2737 1139 2779 vocan-
1237 2717 1239 2724 ’

103 2815 179 2877 dum
208 2833 406 2892 censeamus,
440 2814 524 2877 haud
554 2829 658 2879 tamen
686 2817 728 2881 ad
757 2837 812 2897 ea,
845 2839 927 2902 quae
948 2819 1139 2902 deponentia

102 2916 312 2996 nominantur,
332 2916 423 2977 nobis
444 2936 485 2979 ex
507 2931 615 2980 nostra
636 2920 766 3003 quidem
786 2906 940 2982 sententia
955 2919 1139 3003 confugien-

102 3021 176 3081 dum
203 3031 267 3083 est:
308 3019 423 3088 horum
446 3020 529 3093 enim
550 3022 724 3088 verborum
748 3041 850 3104 seque
878 3041 915 3083 ac
936 3022 1137 3104 passivorum
1162 3008 1166 3017 ¹

100 3117 260 3203 perfecta,
281 3140 309 3180 e.
323 3140 353 3203 g.
374 3134 482 3202 captus
503 3144 590 3205 rtem,
612 3133 788 3187 admonitus
806 3143 889 3204 mm,
912 3141 977 3182 non
990 3143 1046 3189 sua
1059 3144 1136 3207 pro·

100 3221 171 3304 pria
190 3222 225 3285 vi
244 3234 339 3304 atque
360 3222 604 3305 significatione,
637 3224 694 3284 sed
716 3242 774 3283 usu
803 3223 1019 3285 tantummodo
1039 3236 1136 3310 etque

101 3322 327 3383 consuetudine
346 3322 562 3407 perfectorum
583 3325 690 3385 locum
711 3323 857 3387 obtinere
877 3344 1053 3410 eorumque
1065 3318 1135 3390 mu·

98 3444 175 3487 nere
195 3423 286 3508 fungi
305 3425 463 3489 videntur.
520 3427 645 3520 »Quum
666 3427 697 3486 in
720 3425 769 3488 his
789 3426 965 3491 verborum
986 3427 1132 3497 formulis

99 3525 328 3613 (hortamini,
348 3528 477 3594 hortans
498 3527 640 3605 sueram,
660 3527 789 3592 hortans
810 3529 918 3613 fuero)
940 3532 1042 3616 inquit
1062 3533 1139 3617 qui·-

98 3631 171 3692 dem
191 3638 356 3697 Disaenius
376 3630 415 3698 V.
437 3630 477 3692 cl.
494 3632 545 3711 3),
568 3630 683 3713 copula
704 3645 737 3694 et
756 3633 974 3716 praedicatum
993 3634 1059 3698 rim
1077 3633 1133 3696 ha·

96 3730 192 3799 beant
210 3733 244 3794 in
264 3730 417 3818 temporis
437 3731 668 3817 significatione
688 3736 924 3817 constituenda,
946 3734 1132 3807 adsensum

138 3846 154 3876 -4
348 3840 351 3852 ¹
410 3860 416 3873 ,
651 3856 654 3861 -
728 3862 731 3867 .

162 3947 195 4017 l)
215 3946 366 4006 commus
384 3968 412 4023 p.
428 3947 470 4008 1⁵.
496 3972 500 3981 ·

133 4026 196 4103 Ἀ»
211 4032 279 4090 msa.
296 4054 323 4106 p.
338 4038 364 4093 s.
480 4052 484 4059 ¹

164 4121 196 4191 8)
211 4122 278 4179 ibid.
296 4145 321 4194 p.
340 4128 385 4189 14.
