2616 4814
152 388 206 449 284
290 390 328 445 X.
362 392 496 463 Ειιονρΐσ
513 391 646 463 quaedum
661 408 693 447 er
708 390 906 463 promimus·
923 392 980 449 tur.
996 394 1058 449 uu.

154 562 261 649 σῆρσς
281 557 478 646 ἑςεμμένοος
501 557 603 626 οἴνου.
649 558 813 622 Consentit
832 580 905 622 cum
922 559 971 622 his
984 560 1189 641 scholiastes,

154 662 227 745 qui,
250 656 355 750 ’Ἄχρι
376 664 439 747 τῆς
461 658 629 749 ςεφάνρς,
652 660 711 737 sit,
733 658 949 751 ἐπλήρωσαν·
975 661 994 730 ὅ
1016 662 1062 746 ἑςι
1084 662 1190 754 μέχρι

152 761 288 834 τέλους.
347 762 453 846 Atque
484 762 568 846 apud
595 760 791 824 Athenaeum
813 764 844 844 ¹)
873 761 991 827 haecce
1020 766 1190 849 leguntur:

150 864 391 945 Ἐπιςὲφονσαι
413 863 448 928 δὲ
467 866 587 932 ποτοῖο
611 867 642 931 οἱ
664 866 846 954 κρατῆρες·
875 856 949 953 ἦτοι
973 862 1191 954 ὑπερχειλεῖς

152 969 184 1033 oi
213 968 375 1057 κρατῆρες
403 966 600 1043 ποιοῦνται,
635 964 699 1048 tiit-a
728 968 780 1033 διὰ
811 970 874 1037 τοῦ
898 972 1008 1038 ποτοῦ
1030 970 1190 1057 ἐπιςεφσι·

150 1069 303 1135 σοῦσθαι,
347 1068 411 1127 lam
435 1087 513 1131 vero
535 1088 632 1151 quum
652 1067 684 1128 in
704 1068 792 1131 hisce
813 1071 970 1154 uorsibus,

230 1170 368 1255 Σσῆσιιν
393 1168 427 1235 δὲ
448 1171 617 1259 κρητῆρας
639 1168 821 1254 ἑπιςεφέος
843 1168 944 1240 οἴνοιο

230 1272 350 1351 Λεῖβον
374 1268 400 1335 δ’
422 1267 622 1336 ἀθανάτοισι
642 1273 755 1345 θεοῖς·
777 1276 810 1356 2)
832 1311 873 1325 -
906 1287 939 1337 ct

229 1374 390 1444 Πίνοντες
411 1373 581 1459 κρητῆρας
601 1368 782 1456 {rapotae
805 1374 905 1443 οἴνοιο
930 1378 981 1460 ³),

148 1478 198 1561 τῷ
222 1472 384 1558 ἑπιςεφής
406 1472 490 1533 nulla
513 1473 573 1533 alia
594 1473 681 1535 notio
702 1475 843 1539 subiecta
865 1498 933 1539 osso
951 1477 1069 1561 possit,
1091 1500 1186 1562 quam

148 1596 228 1661 quac
249 1574 434 1635 Latinorum
455 1594 536 1635 voce
564 1573 701 1656 plenus
729 1599 753 1636 s.
775 1579 956 1659 repletus
985 1581 1187 1663 exprimitur,

145 1697 209 1739 non
232 1688 291 1754 cst,
313 1674 399 1759 quod
417 1674 449 1734 in
471 1674 689 1737 constituenda
710 1675 938 1759 significatione
959 1680 1051 1741 verbi
1080 1681 1184 1764 ἐπιςὲ.

146 1783 274 1865 φεσθαι
294 1775 495 1851 haereamus,
530 1788 625 1859 atquc
645 1774 685 1837 ab
704 1776 886 1859 Athenaeo,
914 1780 1080 1845 Eustathio
1099 1796 1186 1847 cete-

144 1883 252 1966 risque
278 1878 412 1941 Homeri
438 1877 666 1961 interpretibus
694 1878 855 1941 veteribus
882 1881 915 1942 in
936 1883 1042 1946 medio
1062 1904 1185 1970 propo·

145 1986 236 2048 sitam
265 1981 331 2043 eius
360 1977 604 2062 explicationem
632 1976 731 2039 solam
760 2000 871 2043 veram
902 2003 972 2047 esse
993 1985 1185 2053 dubitemus.

145 2085 254 2152 Obiici
274 2083 401 2169 quidem
421 2080 539 2167 possit,
566 2078 652 2165 quod
669 2080 752 2164 apud
764 2084 942 2148 Homerum
961 2086 1056 2148 etiam
1079 2088 1185 2164 δέπας

146 2187 245 2258 οἴνοιο
260 2188 311 2268 ⁴),
344 2185 365 2246 i.
387 2204 414 2245 o.
435 2182 587 2268 poculum
609 2181 691 2262 vini,
719 2182 914 2248 inveniatur:
957 2186 1071 2251 horum
1100 2212 1182 2255 vero

143 2290 317 2355 verborum
347 2286 439 2347 aliam
470 2304 539 2347 esse
569 2283 745 2363 rationem,
778 2284 841 2347 iam
873 2290 1015 2370 Heyniua
1046 2293 1182 2373 monuit,

144 2393 218 2478 qui,
240 2390 380 2464 salites,
402 2387 504 2470 inquit
521 2387 570 2467 ⁵),
591 2405 642 2447 res
663 2385 812 2450 achabet
836 2389 898 2453 Oc.
914 2396 957 2468 θ,
982 2394 1038 2473 70,
1059 2393 1115 2455 ubi
1133 2392 1183 2461 δέ·

142 2517 211 2565 ποις
241 2490 331 2558 οἴνου
360 2487 526 2565 occurrit,
562 2485 677 2549 eodem
705 2489 802 2550 modo
832 2511 895 2574 quo
926 2490 1035 2564 ἀσκὸς
1062 2491 1180 2577 οἴνοιο,

144 2586 317 2672 κισσύβιον
340 2587 460 2657 οἴνοιο·
481 2588 535 2650 hic
555 2588 641 2651 euim
660 2590 727 2656 vini
748 2590 837 2657 notio
859 2591 925 2660 vim
944 2592 1070 2658 habet«

142 2746 361 2767 μ

207 2838 240 2906 1)
257 2830 464 2902 Vol.1.p.5⁰.
482 2832 525 2888 eu
542 2832 769 2909 surrigamus.

207 2925 238 2991 a)
257 2922 311 2977 or.
329 2921 375 2986 11,
393 2920 454 2975 σοι.

206 3014 238 3080 ι)
256 3013 291 3066 u
308 3011 396 3076 vm,
415 3007 476 3064 aaa.

207 3104 238 3168 ι)
258 3100 310 3155 oa.
326 3100 413 3167 vm,
432 3100 475 3155 ao.

208 3190 291 3261 5)1u
308 3187 530 3249 adnotationibus
547 3188 582 3246 ud
599 3188 634 3243 11.
651 3188 683 3255 1,
701 3187 761 3247 410.
