2616 4814
112 422 188 514 'lta'
284 458 335 514 VI.
367 459 409 514 Dc
426 459 547 530 partium
564 459 694 519 cruticttis
712 461 800 523 &dulc
818 469 898 533 atque
914 466 1025 519 nutura.

134 622 276 689 stantivis
309 641 474 709 expressas
508 628 685 693 accuratius
717 627 923 712 designandas
958 629 1180 710 adhibeantur,

134 727 269 790 articulo
291 727 361 789 solo
384 732 538 814 excepto,
568 730 641 815 qui,
669 752 768 817 quum
787 753 848 816 pcc
867 753 901 795 se
922 752 1018 813 sensu
1037 730 1108 795 fare
1128 752 1179 794 ca·
1231 778 1235 788 ,

132 843 220 907 reat,
251 849 311 890 nec
332 828 393 890 nisi
414 851 486 892 cum
512 831 706 904 substantivo
729 834 839 898 aliisve
860 834 986 913 verbis,
1018 835 1086 916 eius
1107 835 1179 898 vice

132 931 357 1017 fungentibus,
379 932 504 995 iunctus
524 935 626 1018 possit
639 915 801 1023 iintelligi,
822 935 904 997 hanc
920 936 1021 1019 ipsam
1044 935 1085 996 ob
1107 957 1179 998 cau·

133 1057 198 1098 sam
220 1034 258 1096 ab
281 1034 337 1095 iila
367 1034 518 1097 orationis
541 1048 633 1118 parts
660 1036 853 1120 separandus
878 1051 926 1100 est
952 1036 1178 1120 seiungendus-

133 1159 206 1224 que.
248 1136 495 1199 Adnumeranda
517 1149 623 1199 autem
635 1138 800 1204 adiectivis
814 1132 887 1213 suat
905 1161 969 1201 aon
986 1139 1089 1202 solum
1105 1161 1178 1223 par·

132 1242 259 1325 ticipia,
293 1261 376 1325 quas
398 1240 586 1305 adiectivam
607 1241 782 1304 verborum
813 1241 1008 1305 constituunt
1031 1238 1178 1322 formam,

131 1344 190 1425 ¹setl
211 1342 437 1427 pronominum
459 1363 588 1428 quoque
609 1343 711 1407 maior
730 1365 823 1428 pars,
848 1344 931 1407 sicut
952 1343 1046 1406 etiam
1067 1365 1181 1406 nume·

131 1445 211 1508 ralia
234 1445 298 1522 illa,
321 1465 414 1529 quac,
436 1443 581 1507 ordinem
601 1464 711 1507 recum
731 1467 830 1528 quum
847 1445 997 1521 indicent,
1021 1445 1178 1508 ordinalia

131 1548 350 1609 nominantur:
375 1567 457 1630 quae
478 1545 564 1608 enim
585 1545 730 1609 omnibus
753 1546 933 1640 his-verbis
955 1547 1177 1633 exprimuntur

130 1649 276 1710 notiones
306 1648 462 1710 eiusmodi
488 1630 581 1726 sunt,
613 1660 649 1710 ut
671 1668 743 1712 curu
769 1648 952 1711 notionibus
972 1647 1178 1729 substantivis

131 1751 282 1814 subiectis
312 1750 488 1815 arctissime
520 1734 711 1831 cohaerere,
744 1752 796 1815 vel
816 1752 923 1836 potius
949 1772 1082 1836 prorsus
1105 1772 1177 1815 coa·

130 1855 254 1917 tessere
276 1853 408 1955 Possint.
458 1855 606 1916 Fuerunt
627 1850 774 1938 quidem,
801 1854 857 1939 qui
877 1853 1081 1918 adfirmarent
1102 1875 1176 1917 cone

129 1957 378 2041 tenderentque,
424 1956 590 2020 adiectivis
618 1975 682 2016 non
710 1954 771 2016 nisi
806 1957 972 2041 qualitates
1001 1956 1099 2019 rebus
1129 1957 1176 2018 in·

1 2126 3 2134 ,
82 2069 89 2084 ’
129 2057 315 2138 haerentes,
350 2079 523 2143 earumque
552 2070 696 2120 naturam
727 2057 971 2140 constituentes,
1003 2058 1176 2142 significari

126 2172 244 2243 ¹posse,
276 2180 382 2244 eaque
401 2160 441 2223 d'e
462 2150 556 2223 causa
576 2162 643 2245 ipsa
670 2159 725 2220 illa
748 2159 910 2247 adiectira'
933 2175 969 2231 ut
989 2160 1105 2223 rationi
1126 2181 1175 2223 sa·

128 2283 189 2324 nae
210 2261 420 2345 repugnantia
442 2281 461 2322 e
482 2261 614 2345 linguis.
621 2262 852 2344 proscribenda
873 2283 943 2327 csse
964 2262 1175 2326 exterminans

130 2362 251 2446 daque,
268 2372 272 2379 '
287 2362 402 2445 quibus
424 2364 583 2439 notiones¹
598 2356 888 2451 subiecta'a3esscnt
918 2387 936 2427 a
956 2365 1030 2427 loco
1052 2378 1176 2451 tempo·

128 2484 207 2527 rave
228 2464 410 2543 desumus,
442 2485 474 2527 v.
497 2484 524 2525 c.
545 2473 728 2549 hodiernus,
756 2472 936 2551 Mstsrnus,
966 2467 1021 2531 vel
1042 2469 1176 2530 Germa·

128 2566 236 2647 nisum
262 2574 377 2648 lateris,
398 2575 512 2649 dortiq,
535 2578 595 2628 etc.
612 2567 662 2648 ¹)s
695 2578 728 2629 at
747 2566 832 2641 anim
853 2566 916 2631 iilis
943 2589 1005 2649 aon
1028 2571 1175 2634 adversa·

128 2680 183 2731 tur
204 2667 309 2729 solum
327 2667 472 2729 omnium
494 2667 673 2753 linguarum
694 2689 789 2748 usus,
815 2662 878 2733 'sed
899 2682 1016 2736 revera
1044 2672 1175 2736 ridetur
1244 2672 1246 2682 '

130 2769 225 2833 etiam
246 2768 325 2830 nihil
347 2768 521 2854 quidquam
543 2769 720 2856 excogitari
738 2792 834 2857 posse
855 2774 1079 2859 reperirique,
1109 2796 1174 2860 qno

128 2872 358 2956 impediamus,
392 2892 457 2957 quo
478 2872 583 2937 minus
600 2872 755 2936 notiones
783 2870 985 2938 substantivis
1009 2896 1176 2959 expressas

22 3016 26 3023 ·
128 2973 346 3037 accidentibus
364 2986 388 3037 'e
408 2987 556 3059 tempore
574 2975 712 3060 locoque
724 2976 944 3060 pendentibus
967 2976 1070 3059 iisque
1090 2977 1175 3040 nixis

129 3076 427 3143 circumscribamus
450 3077 637 3140 accusatius.

209 3178 385 3262 Participia
406 3177 438 3239 in
460 3177 689 3255 adiectivorum
708 3184 876 3239 numerum
900 3173 1070 3240 referenda
1091 3201 1175 3262 esse,

128 3284 191 3345 ism
211 3281 266 3343 alii
286 3280 455 3359 viderunt,
488 3298 600 3341 eorum
620 3288 725 3339 tamen
744 3288 858 3341 astura
889 3299 1003 3362 parum
1024 3298 1173 3347 accurata

127 3384 294 3469 explicata.
346 3382 475 3445 Etenim
495 3379 639 3443 Sanctius
664 3379 703 3441 de
723 3378 784 3465 hac
803 3398 842 3443 rc
863 3398 979 3465 agens,
1013 3384 1173 3446 »Partiri-

127 3488 198 3573 pia,
229 3485 332 3571 inquit
351 3485 406 3566 ²),
438 3468 503 3545 nrm¹
531 3480 699 3561 dicuntur,
730 3481 818 3568 quod
847 3494 973 3568 partem
1001 3486 1126 3571 capiant
1153 3511 1173 3551 a

126 3589 248 3670 verbo,
269 3602 395 3673 partem
415 3608 434 3649 a
453 3583 600 3665 aomine3
629 3583 686 3647 scd
707 3584 795 3670 quod
808 3602 834 3647 'a
854 3585 954 3651 verbo
974 3599 1100 3670 partem
1121 3609 1172 3661 ca·,

195 3801 227 3869 1)
246 3801 384 3873 Baitrigs
400 3818 453 3855 zur
470 3792 565 3857 Kritiis
583 3799 633 3855 sicr
650 3764 794 3871 Spurcius,
810 3794 1008 3857 insbesondcre
1021 3802 1172 3857 torneat-

127 3888 230 3954 scitcn,
257 3907 313 3944 von
338 3890 428 3949 wilh.
449 3891 623 3943 Macksnscn.
653 3876 794 3967 Woiieab.
810 3893 887 3947 ltus.
912 3910 939 3962 p.
956 3891 991 3945 at
1009 3910 1071 3961 sqq.
1115 3892 1172 3947 sea

127 3982 164 4034 ci.
189 3979 324 4051 Bcitrisgs
349 3998 401 4035 sur
428 3980 546 4035 weitai-n
572 3970 750 4051 Ausbiltiung
779 3982 827 4035 dsr
853 3981 1013 4035 Deutschca
1038 3982 1171 4052 Spa-aclas.

126 4054 309 4126 amas.
325 4064 402 4129 atas.
428 4072 490 4129 va
506 4056 539 4127 Ι(
557 4072 590 4126 r.
606 4068 631 4125 a.
655 4076 682 4141 p.
702 4052 746 4124 aa
781 4060 844 4127 ‘vat
861 4072 901 4132 11.
925 4070 958 4128 Ρ.
975 4070 1002 4131 a
1019 4084 1047 4144 a.
1064 4068 1117 4133 rot
1139 4078 1171 4131 a

154 4201 161 4217 .
196 4199 203 4214 .
241 4160 326 4215 ,nu
1140 4162 1169 4173 ''

128 4159 152 4219 P
177 4159 341 4322 sapenos.
359 4250 390 4309 Ia
408 4252 432 4309 Ι.
451 4254 483 4311 ⁰.
500 4248 661 4323 stupam
674 4246 740 4322 lu·
759 4250 802 4331 ‘i‘
818 4251 923 4317 Bnnsn
