2616 4814
200 413 253 470 ut
396 409 475 467 v111.
509 412 551 469 va
566 411 737 475 &Mat
752 412 829 475 W
845 414 921 485 σμά
937 415 1049 471 butiana

200 564 446 657 damnauerit,
488 578 562 642 »De
587 577 702 658 rebat,
732 575 898 662 iuquit¹)‚
931 581 1103 666 quantine
1132 580 1232 646 dubio

199 683 296 756 iactae
319 702 388 746 ease
410 679 578 745 ottendere
598 681 687 762 vult,
717 678 894 748 indicativie
914 697 962 748 eat
984 705 1059 748 uam
1086 704 1159 747 cum
1181 706 1232 761 au·

198 806 258 872 pra
277 785 362 848 diota
383 783 604 848 coniunctione
625 793 662 852 ai.
703 783 839 876 Quando
857 805 935 852 vero
947 787 1044 853 dubia
1060 807 1112 849 ree
1128 799 1232 850 oeten·

197 889 302 969 ditur,
334 899 442 959 utrum
462 884 533 949 fieri
553 885 670 970 potnit,
702 904 821 968 necne,
852 907 912 972 per
933 888 1166 968 inductionem,
1199 881 1234 950 id

88 1016 93 1025 ·
198 1003 246 1054 ant
268 988 348 1057 καθ’
370 984 777 1065 ὕπόθεσιι,,ιιιὶιίιιιιοιὶιίι
797 990 896 1074 magia
917 1001 1078 1055 utentum
1118 988 1231 1052 Brevi·

196 1104 247 1156 ter
267 1091 395 1167 taudem
415 1089 607 1153 subiunctivi
619 1090 684 1156 vim
698 1090 861 1176 colligam,
883 1113 957 1156 eum
975 1092 1120 1156 adbiberi
1138 1089 1231 1155 adlic-

195 1206 262 1257 mat
281 1193 321 1256 ad
341 1191 589 1271 dubitationem,
610 1191 905 1276 comprobationem
923 1195 1232 1280 possibilitatemque

195 1294 448 1381 significandam,
468 1295 502 1356 in
523 1316 585 1379 qua
604 1295 700 1358 etiam
719 1294 773 1359 illa
793 1295 874 1378 tint,
900 1318 982 1384 qaae
1003 1294 1230 1377 ὑποθετικῶς,

83 1454 111 1483 ,,
194 1400 216 1463 i.
236 1420 266 1462 e.
286 1397 500 1482 supponitive,
519 1396 718 1458 inducantur.
802 1458 806 1465 ⁴
882 1438 888 1451 ,

283 1501 336 1565 Ad
363 1498 569 1562 Perizonium
597 1511 808 1577 trauoeamue,
841 1500 898 1584 qui
923 1499 1157 1580 subiunctitum
1187 1502 1230 1564 ita

194 1616 303 1667 ceoaet
328 1623 398 1665 eane
427 1601 565 1693 dictum,
604 1601 679 1685 quia
705 1600 774 1663 eiua
801 1602 1038 1666 terminationea
1066 1604 1169 1666 aolum
1196 1604 1230 1665 in

193 1717 366 1783 commate,
396 1702 483 1788 quod
511 1701 615 1787 priori
644 1702 912 1768 incomtruendo
932 1704 1151 1788 aubiuugitur,
1182 1704 1229 1766 lo·

192 1829 272 1887 cum,
285 1806 436 1870 habeantt
479 1824 561 1889 quae
582 1803 711 1888 quidem
732 1804 814 1869 ratio
835 1806 919 1871 inter
938 1827 1014 1885 eae,
1043 1829 1121 1892 quaa
1141 1807 1228 1870 Pria·

191 1911 299 1975 cianus
326 1906 439 1971 adtulit
447 1949 461 1998 ‚¹
490 1924 614 1991 noeque
641 1927 740 1989 cupra<
756 1907 979 1990 adposuimus,
1010 1911 1227 1992 secundateat.

191 2014 282 2077 Hanc
295 2023 399 2074 autem
415 2007 516 2071 aelam
530 2028 642 2075 veram
653 2027 725 2070 ctae
736 2009 924 2073 Perizonius
941 2008 1094 2074 adfirmat.
1128 2014 1227 2073 »Nam

190 2113 394 2199 ceteroquin,
436 2110 539 2196 inquit
558 2112 610 2193 2),
642 2110 738 2173 etiam
765 2109 953 2175 indicativae
988 2113 1225 2199 coniunctiones

188 2229 279 2301 dona,
299 2236 409 2299 wana,
429 2222 568 2296 amado,
588 2234 790 2296 quemqueen,
811 2223 842 2279 at
861 2226 923 2277 etc.
955 2213 1018 2277 eibi
1036 2213 1224 2298 praemiaaaa

189 2318 304 2395 babet,
334 2329 368 2379 et
396 2315 450 2378 rel
477 2314 614 2376 maxime
643 2312 704 2375 aibi
726 2312 887 2397 eubiungit
916 2315 1051 2379 alterum
1080 2320 1224 2383 verbum.

188 2424 232 2485 At
252 2414 445 2482 subiunctivi
465 2413 634 2498 proprium
654 2425 711 2491 eet,
734 2415 820 2476 omni
841 2415 937 2480 modo
958 2430 991 2489 et
1011 2438 1138 2504 semper
1151 2422 1225 2485 aab·

188 2521 277 2604 iungi
303 2518 405 2584 verbo
434 2514 563 2578 alterius
593 2515 773 2596 commatis,
805 2516 901 2579 etiam
927 2521 1117 2605 participio,
1149 2524 1227 2589 licet

187 2626 278 2712 priua
294 2620 374 2685 illud
388 2617 523 2682 verbum
539 2615 630 2696 abrit,
651 2636 711 2699 per
727 2617 855 2703 ellipsin
867 2640 1102 2705 apprensum«
1134 2630 1225 2693 Hanc

187 2728 285 2813 igitur
304 2722 461 2786 rationem
482 2732 652 2802 sequutus,
682 2719 875 2786 subiunctivi
895 2724 983 2786 modi
1008 2727 1107 2791 verba
1128 2710 1223 2817 negat

187 2848 337 2915 umquam
357 2837 394 2887 ut
412 2822 576 2887 absolutae
597 2823 840 2887 conetmctionia
861 2839 894 2888 et
914 2826 1033 2911 absque
1050 2829 1155 2912 ellipni
1173 2854 1225 2895 ac·

187 2933 252 3018 cipi
277 2948 391 3015 ponae,
424 2924 597 3010 multisque
623 2925 657 2987 id
683 2925 715 2986 in
736 2927 843 2988 medio
863 2929 1038 3011 propositio
1066 2934 1241 3017 exemplis,

120 3090 125 3099 .
186 3048 297 3100 eontra
316 3029 465 3094 Urtinum
488 3023 699 3110 comprobare
720 3029 843 3104 studet,
871 3024 932 3117 'qui
953 3029 1062 3092 decem
1083 3032 1222 3116 integrae

185 3139 219 3199 in
246 3155 283 3199 ea
310 3153 348 3196 re
374 3127 552 3194 refellenda
572 3128 727 3211 impendit
751 3128 879 3209 paginae
894 3130 937 3208 ³).
987 3131 1108 3196 Verum
1136 3138 1222 3200 enim

185 3258 264 3303 vero
280 3234 340 3298 etei
353 3230 508 3294 fateamur
525 3246 655 3293 necatae
671 3239 729 3307 eet,
749 3226 953 3289 Perizonium
971 3232 1105 3296 maxima
1123 3239 1220 3301 animi

185 3335 353 3422 sagacitate
380 3343 580 3418 argumenta,
612 3328 726 3414 quibua
753 3330 939 3393 sententiam
960 3354 1049 3395 auam
1074 3349 1219 3404 tueretur

184 3437 452 3520 delendumque,
480 3454 499 3497 e
520 3427 701 3512 doctrinae,
732 3452 795 3517 qua
815 3431 984 3526 imtructun
1004 3449 1089 3517 erat,
1117 3443 1218 3526 copiia

183 3541 356 3632 protuliaae
377 3552 662 3619 coacervataeque,
683 3546 787 3597 tamen
805 3555 847 3597 ne
860 3538 1002 3599 Bauerua
1022 3539 1150 3622 quidem
1171 3544 1218 3605 in·

183 3647 258 3735 duci
277 3642 402 3731 potuit,
423 3651 461 3704 ut
478 3637 513 3700 iu
533 3637 601 3700 aius
621 3647 728 3719 parter
742 3637 908 3700 trandret..
942 3637 1092 3723 sublimius,
1114 3644 1217 3731 inquit

183 3748 239 3814 ille
267 3745 417 3810 nimirum
443 3741 477 3805 in
504 3739 588 3804 notia
612 3739 733 3806 danctii
752 3740 914 3807 Minervae
941 3741 1137 3828 adiectie⁴)‚
1168 3751 1214 3812 ῃῑ.

202 3922 205 3926 ’
248 3925 281 3993 1)
298 3923 366 3978 ΙΙιίὧ
382 3940 410 3994 p.
425 3919 504 3977 nte
650 3979 657 3993 ,

248 4015 280 4082 2)
298 4013 334 4068 ed
352 4013 445 4067 Senot.
461 4010 531 4066 ltin.
549 4027 575 4082 p·
592 4006 655 4068 lot.
729 4054 733 4062 .

248 4102 281 4171 d)
298 4099 423 4156 Inatltut
439 4099 471 4156 la
487 4099 519 4156 la
537 4098 611 4159 saca
629 4097 663 4156 V·
681 4115 708 4170 p·
724 4093 854 4168 &ld-qq.

235 4190 282 4267 Α)
298 4208 327 4263 o
344 4188 406 4248 Μ
