2616 4814
389 416 559 489 esame
577 414 698 471 enm
710 415 828 487 sag-aa
1106 412 1127 466 c

140 583 186 659 ὡς
207 579 333 667 ὄφελον
353 580 399 669 μὴ
419 578 522 647 τῶνδε
541 578 640 651 Oine
660 564 735 668 cipi
756 578 844 670 δῆριν
865 575 984 669 ἔθηκε·
1005 611 1044 631 -

99 707 173 791 qni,
203 705 230 766 si
251 705 281 764 in
304 701 538 787 praepositione
559 701 635 791 napi
655 698 844 783 anastrophe
862 720 925 761 nou
946 699 1124 763 admitteress

99 819 169 885 tor,
200 807 323 869 ratione
349 804 591 868 consnuctionis
620 803 764 866 distincta
794 815 826 865 et
855 803 974 865 clarum
1000 824 1126 867 sonsum

97 910 267 972 exhibente
287 910 380 994 plane
401 921 535 971 careret.
567 942 609 955 -
641 906 785 968 Eandem·
808 903 848 966 de
868 904 928 968 hac
948 924 985 968 re
1004 920 1125 970 senten·

89 1016 173 1105 ‘tiam
192 1012 308 1077 fovisse
330 1011 457 1075 videtur
475 1010 617 1093 Heyuius
623 1029 634 1089 3
655 1008 770 1073 etenim
791 1007 831 1070 ad
849 1007 936 1071 iliad.
958 1008 994 1088 δ,
1014 1012 1066 1091 97,

138 1124 212 1209 Teii
236 1162 291 1207 κεν
314 1138 351 1225 δὴ
371 1138 564 1231 πάμπρωτα
582 1134 661 1227 ndp'
680 1134 796 1223 ἀγλαὰ
817 1134 905 1229 δῶρα
927 1137 1045 1227 φέροιο

99 1292 164 1358 quo
187 1271 218 1330 in
241 1289 335 1333 versu
354 1268 548 1354 praepositio
570 1266 661 1359 napa
681 1266 714 1329 iu
734 1248 897 1345 Wolhaua
916 1267 1057 1331 editione
1077 1288 1128 1333 ao-

101 1386 194 1437 centn
214 1372 298 1435 baud
318 1384 366 1435 est
386 1384 510 1452 nomn,
529 1369 647 1435 haema
667 1370 844 1437 adnotavit:
866 1369 1000 1434 aedat.
1014 1372 1055 1433 Δ.
1071 1370 1128 1433 im·

97 1475 230 1560 probat,
260 1475 346 1559 quod
365 1474 508 1537 nonnulli
529 1470 608 1567 πάρ’
628 1473 789 1557 scribunt,
816 1496 889 1537 nam
909 1493 979 1537 esse
999 1472 1128 1557 iungen-

97 1579 173 1640 dum
199 1576 422 1669 παραφέροιο.
474 1577 535 1641 cat
563 1598 623 1641 nos
651 1576 781 1665 quidem
812 1598 875 1643 non
897 1576 1129 1663 obtemperabi-

96 1701 175 1746 mus.
216 1684 274 1745 Est
293 1674 376 1745 ebim
394 1682 473 1773 παρ’
495 1666 538 1749 od
559 1680 678 1771 φέροιό
701 1705 755 1751 κεν
778 1678 907 1772 δῶρα(

174 1810 251 1893 Peg.
271 1807 334 1879 243
353 1828 400 1892 sq.
422 1806 558 1887 docens,
586 1808 760 1871 dictionum
783 1806 1001 1871 encliticarum
1019 1826 1129 1872 accen·

94 1926 163 1976 tum
191 1913 223 1975 in
250 1932 363 1975 rocem
383 1910 622 1975 antecedentem
647 1911 814 1975 transferri
841 1931 904 1974 uon
925 1930 1039 1995 posse,
1069 1912 1131 1974 nisi

96 2007 124 2077 si
143 2028 197 2077 aut
218 2034 290 2076 oum
308 2024 442 2085 accentu
462 2011 556 2073 huius
576 2013 666 2078 vocis
686 2012 719 2077 in
739 2011 871 2074 eandem
892 2011 1042 2092 syllabam
1056 2031 1131 2075 cou-

18 2184 21 2189 ,
96 2127 221 2189 currat,
250 2125 306 2172 ant
324 2132 386 2170 una
409 2110 447 2168 ab
469 2112 539 2189 ipso
561 2125 727 2187 separetur
747 2131 858 2184 mora,
887 2110 1014 2187 addidi,
1034 2131 1132 2171 unum

95 2212 313 2280 tantummodo
329 2211 375 2272 'de
395 2209 456 2273 bac
476 2229 514 2270 re
541 2208 620 2269 mihi
641 2209 860 2295 grammaticos
881 2223 1005 2272 veteres
1024 2214 1136 2295 perln·.

95 2317 206 2382 atranti
237 2311 413 2377 occurrisse
441 2311 565 2394 locum,
607 2322 640 2372 et
670 2310 800 2395 quidem
836 2310 920 2396 apud
948 2310 1131 2397 Characem,

96 2440 191 2507 quem
212 2437 339 2505 quoquc
362 2414 513 2500 adposui:
534 2426 645 2498 postea
668 2433 746 2478 vero
768 2415 852 2498 apud
868 2415 1001 2478 eundem
1023 2433 1130 2483 aucto·

95 2544 164 2599 rem
186 2523 233 2606 (in
251 2522 334 2583 libro
356 2516 429 2610 napi
450 2506 706 2606 {palocopiswb)
729 2531 762 2582 et
782 2518 815 2579 iu
830 2518 925 2581 alium
945 2520 1053 2603 incidi,
1074 2524 1130 2609 qui

96 2625 137 2689 de
166 2623 286 2685 eadem.
304 2640 341 2683 re
368 2620 418 2682 his
445 2620 574 2705 quidem
601 2620 710 2707 verbis
740 2620 823 2704 agit:
857 2621 1064 2708 Μέμφονται
1098 2626 1131 2692 ol

97 2725 250 2812 hepaticis
269 2720 328 2788 τὸν
351 2721 442 2789 θέσει
463 2721 658 2813 τρωχαϊκόν
681 2718 813 2810 ἔχοντα
837 2718 896 2791 δύο
913 2722 1034 2809 dicius
1055 2725 1129 2810 ἐφε-

100 2823 184 2910 ξῆς·
206 2819 316 2896 ἄλλός
334 2841 406 2923 sip·
430 2820 485 2889 καὶ
507 2819 659 2908 εὐλόγως
680 2828 729 2897 εἰς
743 2825 803 2910 τὴν
819 2824 930 2915 ἆρχὴν
945 2830 1008 2912 τῆς
1023 2828 1129 2896 Οδυσ-

97 2929 190 2998 osias
211 2925 228 2992 ὁ
249 2924 477 3014 Ἀρίσταρχος
499 2919 564 2992 οὐκ
584 2922 759 3013 ἐβουλήθη
787 2924 899 2993 δοῦναι
916 2929 970 3000 Ιεἷς
996 2926 1054 2995 τὸν
1075 2925 1128 2994 e'io·

10 3044 28 3085 ir
96 3032 158 3121 δρα
179 3053 234 3117 μοι
256 3023 315 3095 δύο
338 3024 470 3113 ὀξεῖας,
500 3025 593 3093 ἀλλὰ
615 3028 692 3109 μίαν
714 3031 763 3101 εἷς
781 3026 822 3096 τὸ
845 3049 902 3096 αν·
933 3030 1074 3114 φάσκων
1097 3031 1128 3098 ἐν

94 3133 189 3223 ἀρχῇ
210 3132 271 3214 τῆς
291 3127 457 3215 ποιήσεως
477 3126 675 3215 παράλογον
698 3124 738 3197 οὒ
760 3127 806 3218 μὴ
829 3131 970 3216 ποιήσω.

176 3233 212 3292 In
233 3230 374 3293 doctrina
404 3230 445 3292 de
475 3230 664 3294 dictionibus
692 3232 847 3294 encliticis
875 3233 1000 3294 diversa
1028 3232 1130 3297 adhoc

15 3356 24 3367 ·
95 3344 287 3411 occurrunt,
308 3353 390 3418 quae
411 3334 550 3396 nondum
571 3333 664 3417 plane
685 3334 716 3394 in
739 3335 810 3397 luce
831 3335 984 3397 collocata
1004 3348 1038 3397 et
1058 3336 1129 3398 illu·

10 3460 12 3465 ·
94 3448 190 3499 strata
219 3452 287 3496 esse
314 3433 490 3496 rideantur.
542 3435 596 3498 Sic
613 3434 734 3498 'saltem
760 3435 851 3497 nobis
878 3436 1026 3521 Apollon.
1053 3438 1128 3501 Ale·

94 3538 204 3603 xendr.
226 3536 315 3605 Libe,
336 3536 373 3597 ll.
402 3556 429 3597 c.
451 3538 500 3605 18.
531 3540 577 3623 (p.
600 3540 674 3619 138)
706 3538 942 3622 inspicientibus
972 3538 1127 3601 dubitatio

94 3636 219 3709 moveri
240 3650 365 3722 potest,
391 3660 467 3700 num
490 3658 562 3718 eae,
584 3661 665 3725 quae
683 3632 870 3720 traduntur,
899 3642 1052 3706 dictiones
1073 3661 1128 3701 en-

95 3742 220 3805 cliticae
240 3753 330 3804 recto
352 3760 461 3803 omnes
483 3753 633 3823 notentur
647 3755 789 3807 accentu.
820 3744 1026 3807 Inveniuntur
1043 3739 1127 3803 enim
1160 3794 1169 3811 .

94 3844 118 3909 l.
132 3844 152 3904 l.
174 3842 252 3905 haec
273 3841 387 3909 verhes
407 3840 500 3913 ἀλλὰ
514 3845 546 3927 *)
568 3839 624 3911 καὶ
644 3848 680 3913 ei
701 3845 811 3915 deinoi
831 3847 894 3916 τοῦ
914 3840 1051 3933 πρώτου
1071 3841 1125 3910 καὶ

92 3984 310 4001 Μ

161 4077 193 4143 1)
216 4079 310 4148 atqua
334 4077 418 4135 etia·
436 4079 534 4137 duales
551 4098 631 4137 cneus
653 4082 762 4154 primae
785 4036 816 4135 et
838 4082 975 4136 ”madae
992 4090 1125 4150 personae

93 4165 228 4223 asumma
255 4174 362 4225 naun
387 4170 663 4238 tenorum-haheat,
699 4170 830 4225 obrisum
856 4174 972 4239 propter
995 4184 1124 4238 gravem
