2616 4814
536 420 706 479 commentat.
725 420 772 476 tlt
904 460 910 471 ,
1143 418 1180 475 bl

129 585 360 675 terminentur,
390 605 495 675 neque
522 586 607 652 ultra
635 587 702 648 eius
724 583 804 650 lines
823 584 1090 671 progrediantur,
1123 586 1181 652 tel

133 687 166 749 in
189 709 259 751 eam
280 689 379 773 ipsam
400 691 467 754 vim
487 712 577 753 suam
598 690 688 776 quasi
709 686 921 766 transferant,
942 699 977 751 ut
993 678 1106 761 iamin
1121 687 1181 751 ba·

132 812 204 851 rum
226 792 527 855 commentationum
546 792 650 876 prima
672 791 851 854 monuimus
872 803 905 852 et
923 789 954 851 in
968 790 1177 875 aequantibus

131 895 308 957 accuratius
330 893 637 976 demonstrabimus,
665 891 791 972 verbis,
812 913 830 952 a
853 880 1074 977 Grammaticis
1098 914 1176 975 pro·

128 994 201 1076 pric
229 995 275 1057 sic
304 995 416 1076 dictis,
448 995 664 1079 designantur.
714 993 822 1058 Cuivis
851 982 953 1057 verbo
982 992 1081 1076 igitur
1102 993 1178 1054 sub·

121 1096 266 1176 iactum,
307 1098 394 1183 quod
421 1099 603 1178 nominant,
640 1098 709 1183 sire
740 1116 854 1158 nomeu
885 1094 953 1158 eius
982 1092 1178 1167 substantiae

128 1199 286 1283 praeponi
306 1199 420 1281 debet,
455 1220 537 1284 quae
558 1199 624 1284 agit
646 1217 782 1283 suasque
810 1198 930 1260 exserit
953 1194 1052 1275 vires3
1095 1197 1178 1275 etsi

127 1297 179 1360 bis
200 1297 323 1362 viribus
342 1319 395 1379 res
417 1300 526 1386 aliqua¹
544 1299 708 1381 adiicitur,
740 1300 808 1364 eius
831 1320 961 1386 quoque
982 1319 1096 1369 nomen
1119 1296 1173 1361 ad·

130 1400 224 1461 datur
243 1420 375 1464 necesse
397 1415 454 1465 est.
496 1404 668 1486 Duplicem
690 1422 768 1467 vero
791 1403 876 1465 inter
900 1421 954 1464 eas
976 1402 1178 1483 substantias,

130 1523 212 1586 quae
233 1502 319 1567 vires
342 1516 510 1583 exserunt,
532 1504 686 1591 illasqde,
708 1526 791 1591 quae
811 1504 861 1566 his
884 1504 1006 1567 viribus
1026 1501 1178 1566 adficiun-

129 1617 199 1682 tur,
233 1617 266 1667 et
295 1605 335 1667 ad
363 1627 440 1689 quas
468 1607 558 1691 ipsae
587 1606 789 1687 referuntur,
823 1606 1077 1671 animadvertere
1099 1606 1177 1669 licet

129 1707 318 1769 relationem
340 1707 608 1772 intercedentem:
640 1706 716 1771 illae
736 1708 887 1771 nimirum
908 1709 1099 1770 substantiae
1120 1709 1176 1771 vel

128 1807 163 1871 in
184 1807 239 1873 has
260 1810 343 1894 ipsas
365 1824 480 1895 agunt,
501 1811 556 1873 rel
577 1832 629 1872 eas
649 1810 804 1874 indirecta
824 1822 944 1871 tantum
960 1808 1110 1871 adficiunt
1123 1833 1173 1872 ra-

129 1911 236 1995 tione,
258 1911 290 1972 iu
308 1932 419 1974 earum
439 1912 536 1991 modo
559 1911 694 1996 gratiam
715 1908 889 1972 efficaciam
911 1931 999 1971 snam
1021 1908 1175 1972 exbiben-

129 2025 196 2091 tes,
217 1998 271 2076 rel
292 2014 377 2077 vires
398 2035 469 2077 suas
490 2014 533 2076 ita
551 2025 752 2093 exserentes,
772 2025 808 2075 ut
821 2011 982 2096 quoddam
998 2011 1073 2073 inde
1090 2030 1178 2072 cmo·

125 2114 519 2195 ,iumentumdamnumve
539 2115 571 2176 in
594 2115 668 2176 istas
689 2113 865 2200 redundet3
906 2111 988 2174 hanc
1017 2131 1096 2173 vero
1117 2110 1178 2173 du-

129 2215 249 2300 plicem
270 2216 458 2279 relationem
481 2217 514 2279 in
541 2239 603 2279 una
623 2214 799 2302 eademque
827 2213 982 2276 sententia
1007 2211 1101 2276 simul
1121 2232 1179 2275 ex·

130 2330 215 2381 stare
242 2338 356 2403 posse,
397 2319 536 2404 ideoque
565 2318 661 2383 etiam
689 2316 827 2402 exprimi
854 2315 992 2396 debere,
1029 2335 1095 2378 non
1125 2327 1176 2379 est

109 2434 111 2439 '
131 2420 217 2505 quod
238 2442 394 2483 moneam.
950 2422 957 2429 '

212 2523 278 2584 Nos
308 2523 466 2585 adtentius
500 2542 611 2587 rerum
639 2535 783 2586 naturam
797 2520 1039 2605 ¹investigantes
1074 2519 1178 2583 latere

131 2642 197 2686 uon
211 2635 329 2707 potest,
349 2624 524 2705 permultas
545 2625 578 2684 in
597 2624 636 2685 iis
656 2643 829 2686 occurrere
847 2622 1012 2709 qualitates
1030 2622 1073 2683 ita
1089 2640 1179 2685 com·-

133 2737 276 2807 paratas,
297 2736 333 2783 ut
353 2739 485 2804 semper·
502 2722 542 2783 ad
562 2723 654 2785 aliam
675 2737 908 2808 praeteream,
930 2726 982 2789 cui
998 2724 1179 2803 inhaerent,

134 2823 341 2886 substantiam
362 2820 549 2883 referendae
570 2822 650 2900 sint3
683 2847 747 2908 quo
769 2825 898 2909 quidem
920 2824 974 2906 fit,
994 2839 1031 2888 ut
1051 2846 1177 2907 eorum,

136 2918 218 3013 quae
234 2925 303 2986 illas
320 2921 515 3008 significant,
535 2922 765 2986 adiectivorum
785 2947 893 3007 sensus
907 2948 970 2988 non
987 2925 1046 2987 nisi
1068 2927 1175 2991 addito

132 3027 443 3093 buius'substantiae
466 3023 594 3087 nomine
614 3026 713 3108 plane,
729 3028 888 3111 adpareat.
939 3027 1026 3113 luter
1046 3028 1102 3093 illa
1122 3028 1176 3093 ad-

132 3132 249 3195 iectiva
270 3131 368 3214 igitur
390 3141 423 3192 et
441 3128 539 3207 baec,
561 3149 643 3212 quae
661 3129 707 3191 eis
724 3129 953 3215 adiunguntur,
972 3129 1178 3215 substantiva,

131 3235 187 3298 vel
208 3233 314 3317 potins
338 3233 423 3293 inter
445 3231 592 3292 notiones
621 3229 670 3290 his
691 3229 894 3293 dictionibus
907 3253 1073 3316 expressas
1095 3236 1178 3299 rela-

131 3336 180 3423 ¹tio
203 3335 357 3422 quaedam
379 3334 556 3395 intercedat
570 3352 708 3395 'necesse
729 3328 786 3396 eat.

137 3426 142 3435 ’
217 3436 261 3511 Ar
289 3434 485 3499 nemetiam
512 3453 566 3496 res
597 3434 664 3496 stre
691 3434 882 3500 substantiae
902 3435 1009 3522 ipsae,
1041 3458 1178 3524 quarum

135 3541 263 3605 nomina
284 3563 302 3603 a
324 3524 545 3602 Grammaticis
566 3536 758 3601 substantiva
780 3534 935 3624 adpellata
956 3550 1046 3621 sunt,
1072 3532 1179 3611 diver-

137 3646 265 3709 sissimis
287 3645 372 3704 inter
393 3660 427 3703 se
449 3639 574 3700 iunctae
596 3653 665 3701 essa
685 3651 817 3723 possunt
838 3640 1057 3720 relationibus,
1069 3662 1179 3729 ,quum

137 3748 192 3811 uel
211 3770 273 3810 una
294 3745 333 3806 ab
357 3736 827 3826 altera·processeritindcqne
856 3744 1012 3825 originem
1034 3732 1179 3828 traxerit,

104 3890 106 3897 ·
140 3851 195 3913 vel
216 3860 339 3932 partem
362 3846 431 3909 eius
461 3863 535 3905 cum
561 3842 631 3927 ipsa
659 3842 760 3906 adbuc
782 3843 979 3929 coniunctam
1000 3852 1181 3931 constituat,

138 3950 248 4014 rel-in
268 3949 339 4011 eius
359 3945 559 4031 possessione
580 3944 639 4024 sit,
661 3945 714 4010 iel
734 3954 881 4027 tempore
898 3957 933 4006 et
950 3945 1026 4023 loco
1048 3951 1089 4012 ad
1110 3975 1181 4018 enm

140 4050 318 4117 referatur:
341 4061 414 4111 sunt
432 4065 564 4134 quoque
584 4044 895 4130 snbstantise,-·quae
915 4047 1047 4141 quidpm
1065 4055 1106 4119 nb
1123 4056 1183 4119 alin

138 4140 286 4244 quattu
306 4146 539 4240 processerint,
553 4148 834 4247 ³bandqi1aquanq2'
840 4156 922 4259 ,περ
937 4148 1010 4247 tit,
1044 4173 1080 4222 ut
1108 4138 1184 4249 iude
