2616 4814
127 360 179 458 sss
294 450 296 467 ,
429 399 495 497 ιιι.
525 388 572 456 ἰιι
589 396 764 468 campanas
781 396 869 462 strat,

126 554 262 667 porum,
302 566 342 630 de
364 564 479 657 qulbus
500 562 554 627 hic
574 584 678 633 sermo
700 578 779 648 est,
801 565 964 630 notionem
991 563 1169 649 participiis

128 650 283 735 adsedem
298 688 427 742 necesse
442 679 509 749 est3
533 687 666 784 eamque
688 688 728 731 ex
748 665 870 748 verbis,
892 666 1106 755 quibuscum
1095 681 1170 730 con·

129 770 235 839 iuncta
256 783 348 852 sunt,
369 769 530 853 pendcsqe
556 789 608 831 res
629 769 1069 883 ipeadocet.'1¹emporum
1091 774 1179 857 ergo

128 892 245 963 genera
267 873 443 943 accuratius
466 870 673 959 descripturi,
701 889 761 933 nec
780 868 967 959 partieipia,
989 869 1022 931 in
1044 868 1171 959 quibua,

128 988 165 1040 ut
185 975 218 1037 in
240 972 447 1058 sequentibus
468 973 615 1058 pluribus
636 972 884 1040 demonstratum
905 971 1059 1050 dabimus,
1084 971 1172 1035 nulls

11 1088 17 1101 '
129 1076 387 1161 temporis-inest
408 1074 547 1156 notatio,
579 1094 658 1156 nec,
691 1095 786 1160 quam
807 1094 882 1136 usus
911 1073 1171 1165 consuetudoque

129 1180 164 1254 in
184 1178 306 1268 linguas
327 1178 539 1256 induxerunt,
573 1196 685 1239 eorum
711 1175 924 1261 notandorum
944 1174 1101 1250 rationem
1121 1194 1172 1238 rc·

130 1281 277 1366 spicere,
305 1279 360 1342 scd
383 1292 507 1365 tempus
529 1278 631 1367 ipsum
652 1276 714 1367 par
733 1272 773 1341 sc'
789 1272 939 1367 nullaque
960 1276 1021 1339 alia
1041 1275 1171 1341 notione

131 1382 278 1451 adiuncta
307 1378 529 1458 considerare,
561 1391 656 1465 atque
673 1366 726 1445 'ita
754 1377 853 1470 ipsius
874 1390 1033 1445 momente
1053 1378 1086 1446 in
1107 1399 1172 1444 sct-

131 1502 227 1553 tnone
250 1479 439 1563 designanda
461 1480 653 1565 investigare
675 1477 837 1545 debemus.

214 1583 295 1645 Cum
315 1582 468 1667 temporis
490 1582 620 1652 notione
642 1579 730 1644 notio
752 1566 884 1646 aetionis
906 1578 1112 1671 effectusque
1125 1583 1171 1648 in·

133 1684 174 1753 de
197 1684 368 1801 pendeatis
400 1682 574 1757 arctissimo
606 1682 757 1748 cohaeret
786 1696 882 1771 atqua
911 1700 1006 1775 quam
1036 1685 1172 1780 maixime

134 1780 301 1855 coniuncta
322 1797 387 1848 ests
417 1783 499 1846 hanc
518 1783 615 1868 igilur
635 1805 765 1849 necesse
787 1798 835 1849 cst
855 1785 894 1852 sb
915 1786 969 1849 illa
991 1801 1027 1851 ut
1047 1808 1173 1881 separe·

132 1909 204 1958 mus
225 1887 498 1984 seiungamusquc.
541 1887 585 1948 At
604 1904 683 1948 vero
705 1907 803 1972 quum
825 1887 924 1951 semel
939 1887 1117 1953 adsuefacti
1132 1891 1180 1953 ιί-·

133 2008 221 2070 mus,
242 1988 407 2068 notiones,
429 2009 505 2077 quas
526 1985 559 2056 in
580 1987 684 2051 enimc
706 1985 932 2070 informamus,
960 1992 1055 2057 certis
1076 1968 1173 2057 subii·

50 2128 55 2137 ·
135 2109 211 2152 cere
231 2091 333 2180 notis,
359 2102 458 2175 atque
479 2088 553 2169 bas,
580 2100 740 2176 tamquam
760 2089 945 2173 involucra,
975 2093 1021 2155 eis
1042 2094 1173 2176 addere,

134 2191 196 2254 iam
218 2191 443 2275 investigemus
466 2201 610 2273 oportet,
630 2212 705 2252 num
723 2190 857 2254 verbum
875 2205 996 2275 exstet,
1018 2195 1104 2278 quod
1121 2196 1174 2260 vel

134 2286 364 2363 terminationis
384 2292 467 2359 vel
458 2292 556 2374 ipsius
577 2278 700 2356 formae
721 2292 911 2374 mutatione,
944 2316 1040 2381 quem
1066 2296 1175 2361 coniu-

136 2396 296 2477 gationam
316 2405 450 2470 vocant,
484 2393 609 2454 diversa
631 2392 690 2453 illa
708 2393 862 2484 temporis
883 2409 1061 2479 momenta,
1094 2393 1176 2489 quse

136 2495 228 2563 nobis
249 2493 451 2577 significanda
473 2505 563 2571 sunt,
595 2492 680 2553 nulla
701 2490 911 2563 alienatione
933 2496 1089 2581 admixta,
1120 2521 1176 2564 ex·

47 2624 53 2639 ι
135 2593 263 2685 primat.
314 2593 379 2661 Sed
400 2614 462 2656 non
485 2608 550 2673 est,
580 2593 667 2679 quod
687 2594 766 2663 illud
787 2594 921 2667 multum
929 2597 1177 2689 circumspicie-

135 2715 223 2765 mus·
265 2695 357 2758 illa
347 2717 415 2780 spsa
443 2717 529 2775 vox,
561 2717 642 2785 quae
670 2697 766 2780 vulgo
792 2699 939 2765 verbum
947 2699 1179 2771 substantivum

138 2797 311 2882 adpellari,
331 2797 384 2861 uel
406 2798 540 2889 copulae
562 2798 690 2871 nomine
711 2800 861 2898 insigniri·
869 2803 968 2895 solet,
990 2827 1066 2895 quos
1081 2828 1177 2892 qnae·

136 2896 236 2965 rimus
257 2896 458 2965 diversorum
485 2912 666 2983 temporum
692 2915 781 2968 notas
809 2902 901 2966 nobis
922 2903 1061 2971 exbibet.
1108 2912 1177 2981 Ειιι

128 2998 291 3117 'prolecto
305 3022 323 3063 ι
343 3021 423 3065 vero
444 3022 576 3097 prorsus
597 3003 766 3083 aberrare,
788 3006 844 3088 qui
864 3003 997 3074 verbum
1019 3007 1099 3068 illud
1120 3029 1177 3076 ca·

137 3090 233 3187 p'ulaa
259 3101 363 3167 sicem
394 3102 486 3165 obire
518 3102 742 3182 adfirmant,
732 3125 793 3166 sam
823 3104 885 3166 alio
911 3105 984 3168 loco
1005 3109 1175 3183 ostendere

138 3222 245 3269 sumus
274 3203 397 3265 conati:
439 3182 523 3265 baud
556 3203 640 3264 enim
670 3205 799 3287 copulat
826 3204 971 3279 notiones
1000 3210 1175 3299 verbaque,

140 3304 389 3371 enuntiationem
410 3325 492 3390 quae
513 3303 722 3383 constituunt,
744 3304 800 3367 sed
822 3305 1033 3391 quianullum
1052 3325 1175 3377 senten·

139 3405 215 3466 tiam
235 3406 303 3467 sine
325 3408 497 3490 temporis,
519 3407 586 3470 sive
607 3406 768 3489 expressi,
790 3405 863 3470 sive
878 3394 1050 3490 intellecti,
1069 3433 1174 3481 acces-

139 3504 231 3568 sione
256 3504 289 3567 in
309 3507 413 3569 animo
434 3504 585 3592 effingere
605 3529 771 3593 possumus
793 3521 888 3599 atquc
908 3514 1085 3594 enuntiare,
1106 3517 1174 3579 eius

139 3608 328 3690 notionem,
367 3606 423 3672 ubi
451 3629 530 3694 opus
558 3621 626 3691 est,-
657 3608 720 3678 illis
749 3608 884 3699 addendi
910 3634 1042 3683 munere
1070 3613 1175 3704 lungi-

140 3722 193 3772 tur
215 3712 288 3794 ²)

206 3965 240 4034 l)
257 3967 325 4022 Eius
340 3970 433 4028 locum
449 3971 506 4027 alia
524 3987 635 4045 qunque
653 3975 743 4035 verbu
755 3974 852 4031 sublre
869 3972 951 4053 posta
969 3996 1056 4050 ιιιιιιιιι
1067 3981 1174 4041 monui-

140 4066 221 4120 mus,
250 4055 310 4110 illis
327 4058 476 4132 exemplis,
504 4062 605 4136 qulbus
622 4064 677 4119 hoc
693 4066 953 4141 comprobavimus,
979 4071 1034 4124 duo
1052 4071 1109 4126 iam
1125 4073 1176 4131 ed·

142 4141 209 4196 dara
235 4159 380 4213 ιιιιιιιιιιιιιι
404 4167 438 4205 ax
456 4150 575 4208 Homtlo
592 4152 699 4223 petite,
726 4155 801 4225 unna
825 4171 909 4229 quam
932 4156 1003 4214 baec
1026 4146 1174 4232 legentem
