2616 4814
176 428 196 483 a
437 425 461 480 1.
495 426 948 500 summouentem

180 591 322 656 codicem
341 593 587 677 manuscriptum
607 591 641 655 in
660 591 857 657 bibliotheca
878 593 1051 678 imperiali,
1075 613 1125 659 ex
1145 598 1209 666 Va·

178 695 282 759 tioano
303 697 380 760 illuc
393 697 546 776 adlatum,
566 695 625 758 sub
645 698 705 758 No.
721 698 803 762 x1v.
826 717 864 760 ex
886 716 951 782 quo
970 717 1077 760 omnes
1100 703 1208 784 exple·

178 801 208 863 ri
228 801 353 864 lacunas
376 802 541 886 omniaque
562 801 639 863 vitia
660 802 820 863 emendari
840 822 951 886 posse,
978 803 1042 865 mei
1063 803 1207 867 amantia·

178 906 320 968 tissimus
340 906 521 984 Bredow,
543 905 598 989 qui
618 904 707 966 illum
728 904 882 988 inspexit,
902 906 980 968 mihi
1001 919 1112 970 auctor
1128 920 1185 970 est.

254 1008 372 1092 Pagina
393 1006 503 1069 eadem
516 1005 646 1068 Arcadii
667 1008 857 1070 mentionem
879 1005 996 1071 iaciens
1018 1008 1135 1071 addere
1152 1009 1206 1071 de·

177 1108 332 1189 buissem,
364 1110 395 1169 in
415 1107 478 1171 fine
506 1108 710 1192 epistolarum
731 1109 981 1190 Vinariensium,
1012 1111 1117 1173 aCel.
1138 1111 1206 1178 Vil-

177 1211 278 1274 loison
300 1211 471 1290 editarum,
492 1208 666 1295 fragmenta
686 1212 822 1274 duonum
844 1232 977 1295 operum
998 1212 1082 1272 illius
1095 1213 1206 1274 Gram-

176 1313 282 1377 matiei
306 1313 441 1377 inveniri
468 1308 541 1401 napi
569 1315 633 1397 τῆς
659 1312 725 1379 τῶν
746 1312 850 1381 τόνων
879 1309 1037 1402 εὑρέσεως
1061 1307 1203 1378 καὶτῶν

178 1414 362 1505 σχημάτων
391 1409 523 1492 αὐτῶν,
563 1412 617 1480 καὶ
645 1411 718 1504 περὶ
746 1414 879 1506 χρόνων
911 1413 966 1481 καὶ
995 1414 1202 1503 πνευμάτων,

177 1533 209 1582 et
230 1512 303 1608 napi
329 1515 430 1585 τόνον
458 1517 524 1583 τῶν
556 1515 644 1583 ὀκτὼ
674 1520 780 1609 μερῶν
808 1517 1021 1603 τοῦλόγου,
1055 1513 1109 1585 καὶ
1130 1509 1203 1612 napi

175 1614 335 1709 εὑρέσεως
361 1620 427 1685 τῶν
447 1617 659 1709 inposuistis,
695 1616 843 1709 καὶπερὶ
873 1619 1054 1705 ἐγκλίσεως
1077 1613 1132 1682 καὶ
1155 1613 1205 1699 ἔγ·

177 1720 393 1810 κλινομὲνων,
415 1718 447 1793 ἐν
471 1706 497 1807 ᾦ
520 1717 575 1786 καὶ
597 1716 670 1810 napi
691 1718 889 1810 πνευμάτων
914 1718 968 1787 καὶ
990 1717 1142 1811 χρόνων,
1165 1750 1207 1771 -

120 1890 125 1901 ‚
176 1844 274 1910 quae,
305 1823 446 1907 quamvis
467 1821 545 1884 nihil
566 1823 642 1884 novi
664 1823 862 1903 contineant,
883 1823 981 1902 nihil,
1002 1822 1088 1907 quod
1108 1820 1205 1882 maio·
1298 1828 1302 1836 '

173 1945 242 1985 rem
264 1925 425 1987 doctrinae
445 1923 485 1987 de
507 1923 689 1986 accentibus
704 1912 809 1989 lucem
826 1924 953 1988 adferre
967 1926 1082 2009 possit,
1101 1939 1206 1989 tamen

173 2024 212 2086 ab
235 2026 347 2088 harum
366 2047 474 2087 rerum
496 2026 643 2088 studiosis
664 2028 782 2112 negligi
803 2048 866 2090 non
888 2029 1013 2092 debent.

253 2130 334 2199 Illis,
364 2150 445 2201 quw
472 2152 503 2198 1¹-
515 2134 674 2200 *iil-⁶⁶15·
701 2132 802 2180 αιῑωΠ
821 2132 1032 2205 probaturus,
1065 2137 1205 2195 Graeco!

173 2221 299 2286 omnino
319 2222 353 2280 in
374 2216 508 2298 legendo
529 2235 642 2278 eorum
663 2232 850 2282 accentuum
870 2224 1024 2286 rationem
1045 2225 1203 2309 babuisse,

174 2324 287 2409 quibus
310 2317 513 2382 Grammatiei
533 2330 660 2381 veteres
681 2319 820 2405 singulas
839 2335 988 2385 notarunt
1009 2343 1114 2406 voces,
1136 2347 1203 2391 ees·
1297 2388 1302 2403 ,

173 2444 236 2512 que
263 2423 311 2484 bis
339 2421 415 2505 ipsis
436 2421 617 2483 accentibus
638 2424 806 2503 extulisse,
840 2445 878 2487 ea
904 2445 978 2488 sane
1006 2426 1203 2513 adiungenda

173 2526 323 2605 luissent,
344 2542 424 2607 quae
445 2524 510 2584 Jos.
533 2523 676 2608 Scaliger
697 2525 730 2587 in
750 2525 939 2606 lectionibus
952 2528 1139 2593 Ausonianis
1160 2533 1202 2597 de

172 2628 296 2693 ratione
325 2636 470 2687 accentus
499 2624 678 2706 efferendi,
709 2645 789 2711 quac
817 2625 850 2687 in
870 2626 1048 2693 nominibus
1070 2633 1201 2697 Graecis

173 2730 257 2815 apud
276 2729 403 2791 Latinos
425 2727 579 2810 obtinuit,
611 2726 743 2813 profert.
797 2728 855 2789 aIn
884 2728 996 2794 iisdem
1023 2736 1202 2800 nominibus

175 2831 340 2911 »Graeoiu
359 2831 479 2918 inquit,
501 2832 635 2916 (Latini)
658 2850 721 2893 non
742 2831 946 2917 quantitatem
967 2836 1024 2900 aed
1036 2853 1202 2905 accentum

174 2936 388 3019 aspectabant3
422 2937 514 3022 quia,
546 2949 582 2998 ut
600 2947 687 2999 notat
707 2935 801 2998 ctiam
823 2936 953 3000 Servius
973 2939 1004 3001 in
1027 2940 1136 3004 libello
1158 2943 1200 3005 dc

173 3038 388 3119 saonensibus,
411 3038 515 3101 Latini
536 3036 671 3100 eundem
693 3048 872 3113 accentum,
894 3057 988 3119 quem
1010 3040 1125 3102 Graeci
1145 3040 1200 3103 ba·

174 3139 284 3222 abent,
307 3141 463 3205 'efferunt
488 3141 521 3202 in
552 3138 681 3202 Graecis
709 3136 896 3199 nominibus.
956 3140 1056 3208 Verbi
1088 3143 1199 3225 gratia,

174 3242 266 3328 aquia
281 3245 410 3307 Graecia
431 3263 494 3307 vox
514 3238 593 3302 baec
615 3237 735 3306 εἴδωλα
750 3237 847 3300 habet
862 3246 1024 3303 accentum
1038 3239 1071 3303 in
1085 3243 1199 3328 prime,

174 3342 296 3406 aLatini
326 3365 453 3430 quoque
482 3341 595 3405 eodem
623 3352 754 3417 accentu
781 3339 943 3421 extulere,
969 3340 1057 3410 alula,
1108 3346 1199 3439 Quae

173 3446 322 3532 squidem
357 3468 421 3512 vox
445 3462 571 3527 semper
609 3453 658 3505 cat
686 3442 826 3522 dactylus
859 3445 943 3527 apud
977 3448 1195 3510 Prudentium.

173 3550 321 3613 »Graecis
341 3545 456 3610 dieitur
475 3539 677 3631 Εὗριτίδμςς
708 3542 821 3606 eodem
842 3561 972 3611 accentu
992 3548 1096 3611 Latini
1116 3568 1198 3613 scm.

173 3671 251 3733 aper
280 3648 468 3713 extulerunt.
514 3647 697 3729 Propterea*
709 3648 913 3732 penultimam
932 3650 1081 3734 producit
1105 3650 1198 3713 Sido·

174 3753 280 3828 nnius,
300 3771 360 3809 non
383 3747 605 3832 quantitatem,
625 3749 681 3813 sed
702 3766 863 3816 accentum
874 3752 1023 3815 Latinum
1044 3754 1083 3836 (s.
1100 3754 1197 3817 Grae·

174 3851 279 3931 neum)
305 3861 438 3911 secutus.
488 3851 572 3912 Item·
588 3852 702 3916 Graeci
720 3856 924 3939 pronuntiant
943 3847 1110 3949 Ἄρατος,
1140 3875 1197 3915 12⁰·

173 3970 264 4012 »men
285 3946 371 4024 eius,
393 3948 448 4032 qui
466 3950 591 4037 scripsit
610 3942 814 4044 φαινόμενόν,
833 3952 992 4027 „Sidonius
1012 3967 1122 4017 eontra
1141 3973 1196 4017 vc·

173 4061 295 4112 amram
314 4047 498 4117 Latinorum
517 4075 657 4139 morem,
689 4057 746 4147 qui
763 4057 900 4120 mediam
925 4077 1051 4139 semper
1076 4055 1195 4141 produ-

173 4157 322 4234 axaeont,
342 4152 485 4240 corripit.
524 4157 671 4246 Denique
690 4156 810 4245 inspice
829 4165 932 4236 totum
951 4156 1128 4243 Sidonium,
1146 4169 1194 4219 to·
