2616 4814
183 422 239 484 tto
315 419 379 478 tv.
413 423 454 477 De
468 418 590 492 partium
604 417 733 512 arctioris
751 417 838 474 indole
855 425 934 490 atquc
950 423 1060 474 ustura

183 607 241 653 uos
260 584 388 663 fallunt,
419 583 591 658 clarissima
617 582 693 648 huic
719 582 769 651 rei.
795 581 987 668 accendetur
1012 582 1086 663 lux,
1119 583 1148 644 si
1168 601 1216 646 ts·

83 714 88 725 ·
183 688 312 775 quentm
330 699 488 750 tenemus·
919 691 928 705 ⁰
1082 696 1085 702 '

264 789 299 851 di
319 787 390 873 quis
411 788 515 868 dicat,
539 799 629 871 puter
647 796 759 854 tibrum
777 796 858 853 dono
878 795 961 852 dedit
979 796 1092 869 arnico,
1121 802 1216 846 nemo

180 911 246 955 non
272 889 312 959 rb
338 902 429 972 poter
455 889 495 952 ad
519 909 689 973 personam
715 891 960 975 loquentis,=et
987 888 1028 957 rb
1042 898 1147 984 'amieo
1175 885 1216 948 sd

176 1006 298 1077 mern
325 991 463 1069 celeret,
497 1004 530 1054 et
557 989 598 1059 rb
619 1001 730 1059 librant
751 991 913 1054 indefinite
934 993 1053 1054 dictum
1080 987 1215 1074 putabit.

180 1095 304 1191 Quodsi
326 1113 405 1155 vero
426 1092 467 1155 d'e
488 1093 567 1154 alius
588 1084 724 1157 hominis
744 1107 857 1178 patre,
878 1113 939 1156 nec
960 1093 1000 1156 de
1022 1094 1138 1176 patris,
1157 1091 1215 1154 sed
1243 1102 1245 1107 ’

178 1199 221 1261 de
240 1198 324 1275 eius,
357 1195 413 1280 qui
433 1195 594 1280 loquitur,
622 1197 739 1274 amico,
770 1216 806 1259 ac
828 1195 868 1258 de
890 1208 978 1259 certo
1001 1196 1107 1279 aliquo
1128 1194 1214 1256 libro

178 1317 284 1361 sermo
304 1307 406 1374 es'set,
427 1296 460 1357 id
479 1295 626 1382 profecto
646 1297 759 1361 additis
778 1292 1019 1381 pronominibus
1038 1295 1214 1381 significan·

102 1399 105 1405 ’
164 1399 269 1487 dum,
308 1397 541 1483 dicendumque
563 1412 661 1481 esset,
695 1409 779 1466 r'llics
796 1412 886 1481 pater
904 1407 988 1482 bpnc
1016 1406 1127 1465 tibrum
1146 1419 1214 1464 meo

175 1513 274 1566 amieo
295 1510 374 1564 dono
394 1510 485 1566 dedit.
535 1509 630 1567 Pater
656 1501 759 1580 enim,
787 1509 863 1567 leber
890 1511 923 1562 et
941 1509 1060 1565 ammas
1085 1499 1214 1561 nomina

175 1600 366 1684 adpellativa
393 1613 484 1680 aunt,
516 1624 653 1687 quorum
679 1603 769 1666 notio
795 1621 945 1684 magnum
973 1600 1212 1666 individuorum
1277 1605 1284 1611 '

175 1701 419 1786 comprehendit
446 1704 710 1789 amplectiturque
730 1723 915 1782 numerum,
947 1702 991 1765 its
1012 1715 1132 1764 utnon
1152 1703 1213 1764 nisi

175 1805 236 1867 alia
256 1803 378 1866 adiecta
399 1823 480 1868 voce
500 1824 612 1868 eorum
632 1803 893 1889 significationem
914 1805 1009 1868 certis
1029 1803 1144 1867 finibus
1164 1805 1211 1866 in·

174 1906 322 1969 eludente
342 1904 383 1969 de
407 1905 502 1969 certis
527 1906 714 1992 quibusdam
735 1903 906 1971 individuis
919 1905 1064 1969 adhiberi
1078 1905 1210 1990 possint.

172 2010 287 2072 Eidem
315 2012 422 2070 autem
450 2007 500 2071 rei
529 2009 623 2071 etiam
643 2006 800 2069 adiectira
820 2006 991 2087 inservire,
1022 2029 1077 2070 sua
1098 2022 1210 2094 sponte
1279 2050 1283 2065 .

123 2104 126 2109 ’
171 2122 269 2196 patet.
323 2109 513 2195 Saepissime
542 2122 647 2173 autem
678 2105 816 2187 accidit,
842 2119 879 2170 ut
900 2105 988 2170 notio
1008 2110 1135 2172 nomine
1156 2096 1211 2173 ad-

170 2213 321 2297 pellativo
343 2211 572 2295 comprehensa
592 2230 655 2272 non
678 2208 828 2274 adiectivi
848 2209 1087 2292 pronominisve
1104 2213 1208 2278 adiec-

121 2372 124 2377 .
170 2317 257 2377 tione
279 2312 498 2376 circumscribi
518 2311 745 2395 terminarique
765 2311 884 2398 possit,
907 2310 964 2372 sed
980 2312 1209 2379 substantivum

115 2440 119 2447 ·
170 2415 300 2499 aliquod
321 2414 360 2474 ad
391 2413 424 2474 id
445 2413 645 2498 requiratur,
677 2433 740 2499 quo
763 2412 815 2478 vel
839 2425 950 2481 auctor
971 2433 1124 2495 causave,
1154 2417 1209 2480 vel

169 2534 334 2601 possessor
356 2514 488 2575 alicuius
509 2513 559 2576 rei
581 2512 767 2591 denotetur,
788 2514 841 2576 vel
861 2526 986 2597 tempus
1007 2515 1141 2587 locusve
1161 2519 1207 2580 in·

170 2620 309 2694 dicetur,
344 2615 470 2700 quando
500 2628 533 2679 et
554 2615 611 2678 ubi
637 2616 758 2700 aliquid
785 2614 941 2678 exstiterit
960 2629 1121 2698 exstetve,
1152 2619 1207 2684 vel

167 2734 270 2785 totum
290 2716 502 2802 significetur,
523 2716 611 2781 cuius
632 2715 667 2776 id
685 2737 760 2800 pars
781 2717 823 2779 sit
844 2728 924 2797 etc,
945 2731 981 2781 ut
1000 2717 1060 2781 linc
1081 2720 1206 2784 ratione

167 2821 260 2906 plane
281 2819 430 2905 adpareat
451 2830 661 2902 accurateque
682 2814 867 2898 deliniatur,
895 2818 936 2882 de
957 2841 1018 2905 qua
1041 2842 1079 2885 re
1099 2843 1204 2887 sermo

85 2958 91 2963 -
167 2923 216 2985 sit.
257 2922 340 2983 Illud
361 2941 441 2983 vero
463 2920 709 2999 substantivum,
738 2922 825 3008 quod
845 2922 968 2984 notioni
989 2923 1042 2984 alii
1062 2922 1204 2988 substan-

165 3024 232 3089 tivo
253 3022 416 3087 subiectae
436 3022 614 3087 accuratius
635 3022 831 3087 definiendae
850 3023 992 3104 inservit,
1013 3023 1045 3086 in
1061 3025 1200 3108 genitivo

166 3146 240 3197 casu
260 3125 435 3189 collocatur
443 3147 453 3204 3
496 3137 528 3188 et
556 3124 609 3187 hic
639 3145 727 3187 casus
748 3125 845 3208 igitur
866 3122 1014 3188 adiectivi
1038 3125 1202 3208 pronomi-

164 3226 254 3291 nisve
275 3225 345 3291 vice
364 3225 524 3310 fungitur,
556 3239 651 3311 atque
672 3241 831 3317 tamquam
858 3227 1013 3291 adiectiva
1033 3226 1200 3292 substanti·

164 3348 280 3392 vorum
299 3326 403 3389 forma
425 3329 621 3395 considerari
640 3341 755 3413 potest.
807 3328 1081 3424 Quemadmodum
1102 3331 1201 3413 igitur

164 3431 203 3491 ad
225 3451 315 3510 eum,
338 3431 379 3492 de
400 3451 464 3515 quo
484 3432 663 3516 loquimur,
687 3431 771 3492 diem
791 3429 1028 3514 significandum
1041 3431 1200 3495 adiectivo

97 3530 100 3537 ’
162 3531 216 3595 rel
236 3532 426 3616 pronomine
447 3533 571 3596 adiecto
594 3532 727 3596 dicimus
747 3542 914 3599 dedimus
933 3543 1015 3616 dies,
1044 3544 1201 3598 crastinus

161 3643 240 3718 dies,
269 3645 320 3700 bie
340 3645 421 3719 dies,
451 3635 497 3697 sic
526 3655 654 3721 quoqne
680 3635 819 3698 notionis
848 3634 976 3697 nomine
1006 3632 1197 3717 adpellativo

163 3737 411 3820 comprehensae
433 3737 585 3801 ambitum
607 3738 737 3821 genitivi
757 3757 845 3800 casus
865 3733 1041 3797 adiectione
1063 3734 1198 3795 circum·

161 3838 345 3916 scribimus,
366 3838 459 3902 etad
482 3838 568 3933 quod
589 3836 941 3921 individuumquamvc
961 3834 1198 3898 individuorum

161 3936 294 4021 classem
315 3941 395 4003 illud
415 3938 623 4005 referendum
641 3943 703 4022 sit,
724 3941 929 4003 declaramus.
970 3936 1057 4000 ldem
1070 3938 1198 4023 profec-

159 4053 194 4105 to
215 4040 247 4103 in
268 4041 350 4104 hane
371 4044 614 4127 constructionis
633 4044 788 4125 rationem
809 4041 911 4120 uadit,
943 4040 1030 4126 quod
1055 4041 1088 4103 in
1112 4063 1197 4117 com·

159 4141 320 4225 positione
339 4144 627 4234 coniunctioneque
658 4147 793 4213 duarum
811 4140 994 4231 pluriumve
1014 4164 1130 4210 vocum
1150 4145 1198 4209 lo·
1262 4140 1265 4148 ’

72 4348 166 4528 n,
