2616 4814
1188 334 1208 381 0

164 401 201 457 14
426 403 450 457 1.
483 402 611 459 lucide
627 404 814 474 quaetenus
830 406 940 462 bibam

164 580 249 635 meet
265 567 444 648 nominant,
463 567 679 647 terminantur,
698 566 944 635 ultima'acuitur
957 546 1087 654 syllaba,
1108 572 1196 659 quod
1253 644 1257 653 ¹

165 695 239 738 sane
261 672 362 735 adhuc
381 672 414 734 in
435 672 519 734 nnlla
540 663 689 734 traditum
710 674 884 737 invenimus
900 679 1118 761 grammatica.
1159 679 1195 741 ln

165 775 332 843 vernacula
353 775 459 858 lingua
485 775 538 836 illa
560 774 697 857 syllaba,
728 812 769 855 .··
800 799 899 861 pauca
931 780 958 841 si
979 782 1117 864 excipias
1138 802 1195 845 rc·

165 880 293 957 cabula,
322 899 358 943 ea
380 898 408 941 e.
429 899 459 962 g.
482 875 616 963 quaein
636 889 666 946 st
684 893 818 960 exeunt,
838 916 879 931 -
904 884 1119 968 cuiuscunque
1138 904 1196 979 sc·
1260 952 1265 961 ,

164 980 209 1052 cis,
230 1001 301 1044 curu
321 992 453 1044 accentu
473 981 713 1064 pronuntiatur,
751 984 803 1044 cui
823 984 877 1046 illa
907 985 1049 1068 subjecta
1070 999 1119 1050 est
1138 1004 1194 1048 nn·

163 1084 224 1163 tic,
246 1106 339 1169 quam
360 1096 397 1146 ut
418 1083 591 1146 accuratius
613 1081 762 1149 definiant
782 1087 1123 1172 circumscribantque,
1142 1109 1194 1151 re·

163 1187 268 1271 liqpae
295 1184 432 1267 syllabae
461 1184 585 1247 additae
613 1199 686 1248 sunt
713 1199 807 1273 atque
828 1188 978 1251 adiectae.
1027 1191 1127 1251 Plane
1148 1184 1218 1251 di-'

162 1309 255 1354 versa
274 1288 356 1350 ratic
378 1301 425 1351 est
445 1287 517 1365 illa,
537 1308 633 1372 quam
652 1290 748 1373 Angli
767 1303 958 1375 sequuntur,
987 1293 1118 1377 eiusque
1138 1292 1196 1356 ob·

162 1393 298 1456 servatio
326 1391 405 1453 adeo
433 1388 589 1471 difficilis,
621 1404 657 1453 ut
685 1412 726 1454 ne
753 1393 778 1455 ii
797 1395 943 1478 quidem,
976 1396 1031 1480 qui
1057 1396 1195 1479 linguam

162 1496 327 1579 Anglicam
348 1496 467 1578 optime
488 1495 620 1574 callent,
641 1495 682 1558 de
702 1497 981 1579 syllaba'acuensla
1002 1504 1034 1560 in
1050 1497 1194 1561 omnibus

161 1599 324 1664 vocabulis
345 1600 547 1661 consentiant.
597 1600 692 1661 Haud
713 1600 896 1684 igiturest,
922 1604 1008 1688 quud
1030 1604 1194 1678 miremur,

91 1726 94 1732 ·
163 1702 408 1779 Grammaticos,
444 1702 498 1785 qui
519 1701 560 1762 de
581 1702 722 1764 Graecae
743 1701 869 1785 linguae
897 1718 1029 1768 accentu
1051 1715 1194 1788 egerunt,

161 1804 194 1866 in
223 1804 396 1867 definienda
424 1804 560 1887 syllaba,
600 1825 681 1889 qnae
710 1825 781 1866 cum
809 1820 940 1870 accentu
965 1805 1196 1892 pronuntianda

161 1904 218 1985 sit,
239 1907 273 1980 in
292 1906 449 1967 nonnullis
469 1905 632 1969 vocubulis
654 1927 672 1967 a
691 1927 726 1968 se
747 1907 884 1971 invicem
905 1909 1097 1993 discrepare.

242 2009 306 2071 sed
326 1991 490 2072 redeamus
513 2008 551 2071 ad
573 2009 757 2092 superiora:
802 2012 918 2074 etenim
940 2012 1064 2098 quoii,
1085 2011 1140 2096 qui
1161 2009 1193 2070 in

159 2112 281 2180 Graeca
310 2112 415 2194 lingua
444 2113 578 2193 legenda
595 2118 794 2171 'accentuum
824 2129 913 2179 notas
945 2115 1194 2198 agrammaticis

160 2216 285 2299 syllabis
307 2214 464 2298 adpositas
486 2233 548 2273 non
572 2211 724 2274 curandas
746 2233 815 2276 esse
836 2215 1019 2291 adfirmant,
1041 2216 1074 2276 id
1095 2230 1130 2277 ut
1149 2212 1198 2274 ia·'

160 2317 253 2396 ciant,
272 2315 446 2398 praecipue
461 2313 671 2393 adducuntur,
692 2313 725 2374 in
739 2333 778 2376 eo
800 2316 1014 2402 quaerendum
1028 2327 1085 2393 est,
1106 2313 1194 2399 quod

161 2417 222 2478 sibi
243 2436 427 2500 persuasum
448 2414 583 2490 habent,
603 2417 744 2478 Graecos
763 2418 896 2479 eandem
918 2415 1108 2498 syllabarum
1122 2436 1194 2478 acu·

159 2518 311 2581 endarum
340 2516 444 2601 legem
473 2536 542 2579 esse
563 2530 731 2602 sequutus,
767 2539 860 2602 quam
880 2516 1015 2577 Romani
1045 2516 1193 2579 observa·

158 2633 250 2698 rnnt3
293 2631 386 2703 atque
415 2641 512 2704 quum
538 2621 571 2682 in
599 2622 710 2684 Latina
738 2619 845 2704 lingua
876 2618 993 2700 syllaba
1021 2619 1192 2702 penultima

160 2741 285 2806 semper
306 2723 376 2785 acui
397 2722 530 2802 debeat,
550 2725 576 2785 si
595 2725 689 2810 longa
702 2725 760 2802 sit,
781 2721 912 2783 eandem
925 2720 1080 2785 rationem
1098 2722 1193 2786 etiarn

129 2844 132 2853 ’
158 2825 191 2887 in
214 2826 335 2889 Graeca
355 2825 461 2909 lingua
481 2840 593 2910 putant
614 2847 683 2892 esse
703 2823 907 2904 servandam,
934 2824 1018 2888 etin
1037 2846 1118 2890 voce
1138 2821 1191 2891 silv·

159 2934 299 3020 θρωπος
322 2950 349 2992 e.
371 2951 401 3014 g.
421 2950 485 2992 non
508 2930 804 3016 antepenultimam,
824 2927 881 2989 secl
894 2913 1099 3010 penultimam
1119 2946 1192 2990 curu

160 3045 291 3095 accentu
310 3034 583 3139 promptiandam.
638 3035 681 3095 At
701 3026 848 3114 proiecto
870 3029 897 3090 si
917 3030 1105 3093 vernaculae
1123 3047 1191 3090 mo·

159 3134 201 3196 dc
222 3135 347 3218 linguae
365 3155 521 3201 memores
542 3147 656 3211 essent,
674 3133 769 3216 plane
786 3131 880 3194 aliter
895 3132 1087 3213 iudicarent3
1112 3142 1192 3218 quot

160 3235 244 3298 enim
270 3237 301 3297 in
331 3237 390 3301 hac
418 3240 485 3324 ipsa
514 3247 684 3302 occurrunt
705 3233 878 3314 vocabula,
911 3255 1047 3319 quornm
1072 3232 1192 3318 syllaba

160 3340 402 3423 antepenultima
423 3343 555 3418 acuitur,
579 3336 721 3423 quamvis
741 3337 915 3422 penultima
936 3339 1096 3424 sitlonga,
1118 3360 1146 3401 e.
1159 3358 1189 3421 g.

158 3423 359 3537 (insiliente,
390 3453 560 3528 dbreisscn,
589 3445 788 3530 see'yrcissen,
822 3442 1001 3533 baylfiulliy,
1037 3450 1190 3531 waben,

158 3554 330 3636 asiflreilen
349 3567 409 3618 etc.
451 3553 544 3611 Latet
563 3567 621 3609 nos
643 3548 790 3632 quidem,
815 3572 877 3636 qua
896 3550 1120 3638 pronuntiandi
1139 3571 1191 3612 ra*

158 3656 246 3719 tiene
266 3656 381 3721 Graeci
401 3648 527 3715 vocales
547 3646 656 3733 longas
678 3673 696 3714 a
724 3644 875 3731 brevibus
897 3652 1116 3729 distinxerint3
1158 3655 1191 3714 at

158 3759 241 3822 enim
260 3781 339 3826 vero
367 3756 400 3816 in
421 3736 479 3815 nos
498 3746 738 3838 haudquaquam
759 3736 911 3821 inducere
938 3757 1036 3821 ‹lebct
1067 3767 1102 3818 et
1119 3752 1197 3840 poti

159 3874 223 3941 est,
244 3873 279 3922 ut
300 3879 337 3920 ea
359 3850 536 3916 reiiciamus
557 3856 838 3942 repudiemusque,
867 3878 948 3942 quae
968 3871 1020 3921 tot
1037 3877 1189 3940 gramma·

157 3965 214 4029 tici
235 3964 352 4035 dees,
383 3977 477 4041 quam
504 3959 619 4023 Graeci
648 3961 681 4022 in
708 3960 836 4044 syllabis
866 3962 1017 4026 acuendis
1041 3961 1190 4047 cbserva‹

157 4081 249 4143 runt,
269 4057 465 4125 tradiderunt
481 4061 561 4145 lege.
602 4066 716 4149 Neque
734 4077 794 4142 est,
812 4064 901 4148 qnod
920 4085 962 4129 ec
981 4063 1199 4140 offendamur,

158 4164 246 4265 quaed
265 4181 360 4245 saepe
379 4160 517 4245 syllabae
535 4163 629 4232 brevi
649 4165 936 4251 apexjrdporims,
954 4164 1074 4252 illaque
1093 4167 1190 4252 igitur
