2616 4814
212 1166 220 1183 ,
424 1110 658 1175 rutulum
697 1111 988 1179 oflnrtottls

176 1252 486 1371 sunone
558 1263 821 1383 nrpuu
884 1258 1229 1355 NATURA.

512 1460 825 1508 consternare
847 1440 901 1507 111.

608 1628 802 1671 1110001ῐῖ.

190 1960 326 2119 Quum
343 2018 488 2087 hemines
506 2040 577 2102 res,
609 2032 691 2109 quet
712 2020 850 2089 animum
875 2018 1018 2089 sensibus
1047 2018 1228 2091 auxilianti·

185 2120 247 2187 bus
267 2123 467 2205 adfecerant,
489 2124 598 2188 verbis
619 2127 784 2191 enuntiare
804 2127 1006 2207 didicissent,
1033 2125 1134 2191 rerba
1154 2126 1227 2209 ista,

186 2220 302 2311 quibus
330 2226 426 2287 animi
445 2227 669 2310 perceptiones
689 2230 898 2309 notabantur,
929 2229 974 2291 ite
997 2226 1226 2310 formaverunt,

184 2339 223 2391 ut
248 2310 423 2388 mutatione
453 2326 566 2409 exigua
596 2326 700 2389 addita
729 2341 762 2392 et
789 2329 982 2412 singularem
1012 2342 1045 2391 et
1065 2329 1227 2415 pluralem

187 2448 316 2507 earum,
338 2427 380 2488 ‹le
401 2426 516 2511 quibus
536 2426 767 2511 loquebantur,
786 2449 895 2492 rerum
907 2450 1095 2510 numerum,
1115 2430 1225 2495 simul·

187 2548 251 2614 que
271 2546 382 2606 sexus,
402 2526 432 2589 si
452 2524 506 2589 hic
526 2526 559 2590 in
581 2548 633 2589 eas
655 2529 802 2610 cederet,
822 2528 1040 2596 diversitatem
1057 2528 1226 2617 designare

185 2641 332 2714 possent:
371 2640 407 2691 at
426 2647 506 2692 vero
526 2629 653 2713 liug'uae
674 2629 776 2693 ferma
804 2644 838 2695 et
862 2652 943 2717 usus·
963 2653 1005 2696 ne
1032 2633 1075 2696 ite
1095 2632 1225 2719 quidem

186 2740 296 2795 auctus
318 2730 391 2793 satis
413 2723 544 2793 idoneus
566 2728 643 2815 fuit,
669 2753 733 2817 quo
754 2754 862 2797 seusun
885 2734 980 2797 enimi
1000 2734 1097 2799 rebus
1117 2748 1224 2799 exter·

185 2827 235 2897 uis
264 2851 456 2916 earumque,
488 2832 563 2895 dum
592 2833 624 2894 iu
644 2853 679 2896 se
701 2834 838 2898 invicem
865 2835 931 2900 tlm
953 2858 1041 2899 susm
1062 2850 1226 2920 exserunt,

184 2933 411 2999 mutationibus
432 2934 603 3012 excitatos,
636 2947 687 3014 et,
716 2952 793 3019 quas
810 2933 885 2999 inde
906 2939 1010 2999 anime
1032 2936 1226 3001 informave-

185 3049 273 3115 rant,
296 3035 504 3119 cogitationes
523 3047 613 3099 recte
634 3037 835 3100 enuntiarent
854 3048 949 3120 atque
964 3056 1036 3098 cunr
1053 3037 1121 3098 aliis
1138 3054 1225 3101 com·

185 3141 392 3204 manicarent.

224 3282 229 3291 ·
268 3242 404 3320 Omnia,
425 3258 507 3326 quae
527 3238 560 3301 in
579 3238 643 3301 hoe
663 3250 787 3301 exstent
800 3236 968 3319 universo,
990 3238 1140 3303 continue
1157 3240 1225 3326 egi·

186 3360 292 3411 tantur
311 3355 419 3420 motu,
440 3360 499 3404 nec
514 3361 662 3424 umquam
678 3341 712 3401 in
728 3360 763 3403 se
780 3338 916 3403 invicem
933 3362 1029 3427 agere
1047 3342 1204 3406 desistunt
1210 3360 1222 3425 ς

186 3468 291 3535 neque
312 3445 384 3508 fieri
404 3454 528 3527 petest,
556 3441 632 3526 quin
655 3441 720 3504 ulla
739 3441 781 3504 sit
802 3462 872 3523 res,
904 3464 986 3531 quae
1008 3464 1072 3506 neu
1093 3443 1131 3506 ab
1153 3444 1223 3507 eliis

186 3552 283 3617 rebus
305 3544 486 3622 adficiatur,
509 3542 647 3627 eliasque
669 3556 701 3605 et
721 3545 789 3628 ipsa
805 3544 939 3609 adficiet.
981 3546 1046 3607 lam
1066 3566 1144 3609 vere
1163 3545 1224 3608 lin·

188 3678 267 3743 gne,
297 3670 378 3738 quae
399 3648 439 3710 ad
460 3662 568 3743 sensus
590 3646 686 3708 animi
706 3647 910 3709 declarandos
933 3647 1224 3731 exprimendosque

188 3756 320 3843 aptarit
341 3765 435 3837 atque
457 3748 709 3829 accommodate,
730 3751 825 3813 etiam
845 3749 926 3813 hanc
946 3749 1113 3812 universae
1133 3760 1224 3811 natu·

188 3878 245 3921 rae
267 3856 478 3919 conditionem
502 3851 693 3936 depingendi
721 3849 902 3914 facultatem
925 3847 1057 3929 lrabeat,
1088 3869 1222 3933 prorsus

189 3978 319 4022 necesse
340 3970 397 4019 est.
450 3956 544 4025 Vires
566 3954 671 4038 ipsae,
703 3973 784 4038 quae
813 3952 845 4014 in
865 3972 974 4015 rerum
995 3965 1105 4016 natura
1134 3972 1225 4017 exse·

190 4070 321 4136 rentur,
342 4070 374 4120 et
394 4058 525 4142 quidem
545 4056 606 4137 ita,
626 4070 662 4121 ut
681 4055 735 4122 vel
753 4055 788 4117 in
807 4073 877 4117 rem
896 4052 1035 4140 aliquam
1047 4067 1137 4118 extra
1151 4074 1224 4118 eam

191 4158 414 4241 abeuntium,
444 4159 498 4223 cui
525 4158 708 4243 inhaerent,
738 4168 912 4223 exstantem
936 4168 1051 4245 agent,
1081 4156 1135 4226 tel
1161 4152 1225 4223 itte
