2616 4814
670 614 746 705 tv,

684 817 738 858 DE

432 946 664 1037 rsnrsuu
703 886 990 1013 unautorus

125 1092 494 1185 ·1NDOLE
566 1080 825 1217 ArQuu
889 1094 1225 1231 urruns

521 1297 832 1340 conuunrsuro
865 1278 903 1340 ll.

622 1441 803 1482 ΙΜΟΟΧΠ.

198 1756 332 1876 Homo
363 1832 423 1876 uec
452 1812 609 1897 cogitare,
642 1832 703 1877 neo
731 1814 903 1902 quidquam
932 1814 1094 1879 enuntiare
1113 1824 1230 1907 potest,

198 1915 259 1977 nisi
280 1915 336 1995 sit,
358 1914 444 2000 quod
464 1915 525 1976 sibi
545 1906 821 2000 contemplandum
840 1931 960 1997 sumat,
980 1930 1014 1981 et
1033 1918 1074 1981 de
1097 1940 1161 2004 quo
1175 1940 1230 1983 cc·

199 2019 295 2102 gitata
314 2038 370 2081 sua
390 2018 545 2081 declaret:
578 2016 640 2080 boc
657 2038 736 2082 vero
759 2026 807 2082 cst
826 2019 878 2100 id,
906 2020 1012 2106 quod,
1038 2042 1056 2083 a
1076 2040 1231 2104 gramma·

198 2120 268 2184 ticis
289 2118 423 2183 subiecti
443 2108 570 2183 nominc
591 2119 788 2203 insignitum,
813 2120 1016 2186 substantivis
1036 2122 1232 2207 designatur,

199 2223 314 2308 quibus
335 2223 431 2305 igitur
450 2223 570 2305 primus
592 2221 675 2283 inter
695 2235 800 2304 partes
822 2224 973 2287 orationis
993 2224 1083 2285 locus
1101 2225 1231 2287 omniuo

198 2324 383 2387 tribuendus
413 2335 470 2387 est.
520 2322 607 2383 Alias
630 2321 781 2383 orationis
807 2337 933 2405 partes,
964 2336 1109 2409 totosque
1135 2327 1232 2388 suam

200 2423 367 2487 sententias
385 2423 654 2486 substantivorum
672 2421 775 2485 vicem
797 2423 939 2485 obtinere
959 2443 1072 2508 posse,
1094 2447 1231 2511 sequen·

135 2578 139 2586 .
199 2526 326 2588 tiano·
353 2522 531 2602 docebunt3
574 2522 608 2583 id
633 2543 710 2586 vero
738 2523 866 2586 minime
886 2525 1009 2606 obstat,
1043 2549 1106 2613 quc
1127 2529 1232 2592 minus

200 2647 252 2690 eas
274 2626 435 2709 notiones,
458 2644 539 2711 quac
560 2624 759 2689 substantivis
781 2626 942 2692 subiectae
964 2641 1050 2709 suut,
1072 2642 1233 2715 tamquam

199 2726 382 2815 primariam
402 2739 435 2790 et
451 2726 649 2811 peculiarem
668 2727 896 2817 cogitationum
919 2731 1232 2819 enuntiationumque

200 2844 377 2895 nostrarum
396 2828 560 2893 materiem
586 2830 829 2896 consideremus.
880 2832 1069 2919 Priusquam
1089 2853 1167 2896 voro
1190 2833 1233 2896 de

201 2932 418 3013 substantivis,
437 2946 473 2996 ut
492 2953 602 2995 aarum
622 2933 735 3017 siguis,
756 2935 930 3011 accuratius
952 2935 1166 3017 explicemus,
1192 2953 1231 2994 ea

159 3034 165 3046 ”
201 3037 396 3121 adponuntur
424 3054 553 3097 necesse
582 3047 647 3114 est,
681 3055 762 3119 quae
790 3047 822 3096 et
849 3046 993 3096 veterum
1021 3045 1053 3094 et
1073 3031 1232 3094 recentiu-

202 3161 273 3201 rum
298 3138 572 3223 grammaticorum
599 3135 764 3221 praecipui
790 3134 830 3195 de
851 3133 980 3196 illorum
1004 3144 1114 3196 natura
1134 3133 1231 3197 tradi·

202 3240 289 3304 dere.

281 3340 423 3404 Primum
442 3355 521 3404 vero
549 3336 613 3399 hoc
641 3335 714 3398 loco
743 3330 934 3397 monendum
962 3346 1029 3416 est,
1060 3334 1231 3422 plerosque

201 3457 345 3510 veterum
365 3436 626 3529 philosophorum
648 3440 1006 3524 grammaticorumquo,
1027 3458 1106 3523 quos
1129 3453 1162 3503 et
1180 3446 1244 3503 re·'

204 3551 377 3615 cantiorum
397 3545 539 3608 nonnulli
559 3545 659 3607 secuti
680 3557 770 3624 sunt,
800 3545 993 3609 substantiva
1013 3565 1083 3606 cum
1104 3538 1233 3608 adiecti-

203 3650 251 3715 vis
272 3648 485 3723 consociassc,
520 3658 553 3709 et
573 3658 723 3731 utrasque
750 3646 806 3710 has
827 3646 977 3710 orationis
997 3657 1102 3727 partes
1130 3655 1232 3711 nami-

203 3776 279 3819 nunt
298 3749 507 3834 adpellaticue
530 3770 600 3812 esse
621 3750 822 3834 complexos,
855 3750 970 3835 quibus
993 3747 1046 3807 alii
1067 3748 1232 3831 participia

206 3871 331 3937 quoque
353 3849 549 3937 adiungenda
570 3870 639 3929 esse
660 3868 812 3916 censuere
827 3852 869 3934 ι).
911 3851 954 3913 At
973 3867 1051 3916 vero
1064 3847 1140 3912 licet
1155 3847 1232 3911 haec

206 3996 420 4019 -t-s-d·

272 4088 302 4154 1)
327 4090 518 4155 „Numinibus
534 4090 713 4153 adnumerari
731 4094 834 4150 debent
850 4082 1014 4166 participis,
1041 4104 1129 4166 quac,
1148 4107 1234 4163 quum

206 4175 346 4233 ustionem
367 4178 528 4238 nunaunt·
552 4183 670 4243 alicuius
696 4172 870 4252 mutluesut,
900 4197 973 4255 ques
999 4198 1118 4256 quarum
1140 4194 1234 4237 rarum
