2616 4814
526 392 763 484 ammentum.
1111 426 1167 488 m

128 615 201 658 cum
222 592 326 659 hahet.
368 592 492 692 Quodsi
513 594 596 657 enim
618 614 658 658 ex
679 591 800 657 duabus
821 591 1010 678 pluribusve
1029 595 1164 658 vocibus

126 721 189 769 una
210 697 387 782 effingitur,
420 699 564 760 notiones
586 716 714 782 quoque
740 695 804 757 illie
825 695 988 760 subiectae
1016 697 1165 761 ithunam

129 814 285 884 coguntur
314 814 346 863 ct
375 801 466 861 unius
488 800 593 863 vicem
612 799 748 862 notionis
769 800 941 878 sustinent3
974 798 1060 862 idem
1084 787 1164 866 uero
1219 853 1224 859 .

129 913 160 963 ct
182 901 221 961 de
243 901 375 984 genitivi
396 921 484 963 casus
507 902 728 965 coniunctione
743 923 814 964 cum
828 902 955 964 nomino
973 902 1164 989 adpellativo

128 1001 288 1065 adfirmari
308 1025 422 1088 posse,
456 1003 611 1088 quisset,
644 1005 699 1089 qui
725 1024 788 1066 non
810 1003 986 1088 intelligat?
1028 1007 1072 1067 Et
1090 1024 1166 1088 pro·

127 1103 213 1167 lecto
234 1107 289 1168 vix
312 1107 488 1169 verendum
510 1119 572 1184 est,
600 1122 641 1168 ne
662 1128 679 1168 a
702 1126 781 1170 nero
804 1105 1007 1184 aberremus,
1038 1120 1168 1181 conten·⁸

120 1206 256 1293 ndentes,
288 1208 420 1271 eandem
439 1209 603 1292 regulam,
636 1229 717 1293 quae
743 1208 777 1269 in
798 1228 914 1271 vocam
935 1208 1166 1292 compositione

128 1311 298 1392 spectanda
320 1300 384 1388 est,
414 1324 445 1373 et
465 1311 497 1370 in
519 1311 572 1373 illa
593 1310 726 1394 genitivi
746 1330 835 1372 casus
858 1311 1092 1374 constructione
1113 1330 1167 1373 va·

127 1412 207 1474 lere.
248 1413 385 1479 Videtur
405 1433 442 1475 ea
464 1413 547 1475 enim
569 1426 636 1475 tum
657 1411 752 1474 modo
774 1411 920 1474 adhiberi
940 1433 1046 1497 posse,
1068 1413 1094 1474 si
1111 1433 1167 1474 no·

127 1515 230 1578 tiones
252 1515 380 1577 nomine
401 1514 595 1598 adpellativo
617 1527 649 1576 et
668 1514 827 1599 genitivo,
849 1515 954 1599 quisi
975 1514 1167 1599 adiungitur,

124 1622 202 1676 casu
224 1637 392 1700 expressae
412 1617 567 1679 eiusmodi
588 1630 671 1696 sunt,
692 1629 728 1680 ut
747 1616 843 1700 plane
865 1615 1048 1679 coalescere
1070 1628 1165 1700 atque

128 1716 171 1778 ita
198 1718 288 1780 unius
317 1719 454 1782 notionis
481 1720 586 1783 uicem
616 1719 773 1782 sustinere
800 1717 924 1803 possint
948 1718 991 1800 ¹).
1047 1717 1166 1781 Omnes
1266 1776 1283 1801 l

127 1817 226 1902 igitur
247 1820 416 1882 relationes
438 1822 481 1883 ita
504 1833 724 1904 comparatae,
753 1833 788 1881 ut
811 1840 866 1881 eae
888 1820 1053 1899 notiones,
1081 1820 1167 1882 inter

129 1942 206 2004 quas
228 1921 301 1984 illae
322 1921 540 2002 intercedunt,
572 1923 605 1983 in
631 1943 725 1983 unam
748 1921 898 2005 coniungi
926 1920 1167 2004 consocierique

127 2025 267 2106 possint,
300 2024 441 2107 geni-tivo
464 2043 537 2086 casu
559 2024 772 2106 designantur.
821 2026 912 2087 Haec
932 2042 1011 2085 vero
1038 2040 1168 2104 gencra-

128 2125 187 2184 tim
208 2136 302 2206 atque
324 2125 472 2187 universe
493 2125 577 2187 <licta
599 2145 636 2186 ac
657 2124 814 2208 disputata
834 2135 922 2200 sunt3
943 2122 1168 2205 ¹significantur

129 2226 214 2286 enim
243 2226 298 2287 illo
328 2246 402 2287 casu
430 2226 510 2288 aliae
539 2225 641 2287 adhuc
670 2226 702 2287 in
724 2225 883 2287 nonnullis
905 2224 1019 2307 linguis
1041 2224 1168 2286 relatio·

128 2349 200 2388 nes:
230 2327 262 2388 id
285 2347 362 2389 vero
385 2327 630 2412 uniuscuiusque
651 2328 778 2410 linguae
800 2326 900 2388 indoli
921 2337 1016 2408 atque
1037 2337 1168 2387 naturae

128 2429 331 2491 tribuendum
347 2441 395 2491 est
408 2431 451 2512 ²).
473 2466 514 2481 -
536 2431 605 2492 Una
625 2441 729 2491 temen
750 2427 864 2489 harum
878 2427 1068 2490 relationum
1081 2426 1168 2511 geni·

128 2568 348 2584 *uun-

199 2661 229 2726 1)
256 2663 302 2715 lta
326 2677 437 2731 quoque
461 2661 512 2725 fit,
537 2666 571 2714 ut
588 2661 662 2729 apud
680 2677 730 2713 nos
753 2659 782 2712 in
801 2657 987 2713 substantivis
1009 2657 1169 2728 compositis

129 2746 177 2812 id,
199 2748 272 2815 quod
290 2749 423 2800 definiens
439 2741 617 2816 adpellunt,
637 2749 767 2817 quodque
783 2749 905 2817 priorem
923 2765 1034 2816 semper
1051 2755 1170 2817 occupat

130 2834 238 2899 locum,
267 2835 420 2888 detinienslo
431 2852 523 2904 saepo
542 2835 570 2888 in
588 2834 713 2906 genitivo
733 2853 799 2888 casn
817 2843 1022 2904 praeponatur,
1049 2843 1082 2891 ut
1100 2853 1124 2889 e.
1141 2854 1170 2906 g.

130 2921 160 2977 in
180 2925 362 2996 Gaturtstog,
382 2924 411 2977 in
431 2940 487 2994 qua
505 2923 704 2994 compositione
721 2928 751 2974 et
768 2911 824 2975 hoc'
838 2924 989 2978 notandum
1008 2930 1067 2987 est,
1094 2924 1171 2992 prio-

129 3028 191 3064 rem
208 3029 321 3078 vocem,
352 3030 424 3082 quae
441 3012 567 3067 feminini
585 3010 696 3083 generis
714 3017 774 3078 est,
799 3012 834 3068 tul
851 3012 1011 3084 genitivum
1023 3011 1171 3083 designen-

130 3101 196 3155 tlum
214 3103 366 3156 masculina
385 3104 475 3157 forma
493 3120 553 3156 csse
570 3099 734 3155 adhibitam.

199 3192 229 3255 2)
256 3193 339 3260 Quae
358 3192 393 3245 dc
410 3197 511 3245 natura
530 3197 616 3260 atque
634 3189 726 3243 indole
744 3186 865 3260 genitivi
883 3205 963 3243 ossus
980 3205 998 3244 e
1014 3188 1094 3243 nabis
1114 3189 1170 3244 slis·

130 3287 231 3351 potata
249 3288 331 3345 sunt,
350 3298 403 3333 non
421 3282 531 3340 omnino
550 3297 568 3336 a
586 3297 655 3333 vero
673 3296 735 3332 esse
755 3277 864 3343 aliena,
883 3295 917 3331 cr
928 3277 1071 3332 Hebraico
1088 3296 1171 3349 pree-

131 3368 212 3438 cipue
238 3368 351 3422 videtur
376 3371 510 3438 adparere
534 3370 649 3441 lingua,
684 3385 773 3438 quae,
801 3364 947 3421 atliectivis
971 3385 1024 3420 non
1048 3369 1171 3422 maltum

131 3457 327 3522 abundans,
319 3475 346 3508 sn
365 3475 476 3522 eorum,
506 3459 608 3526 quibus
628 3448 772 3522 deficitur,
802 3456 895 3511 locum
914 3455 1091 3510 substantiva
1109 3458 1170 3525 ple-

131 3565 251 3615 rumque
269 3544 424 3598 substituit.
461 3549 542 3619 Quae
563 3547 674 3613 quidem
691 3545 869 3599 substantiva
886 3545 954 3599 licet
972 3545 1113 3599 interdum
1131 3544 1170 3596 si·

129 3650 166 3689 ne
183 3636 256 3689 omni
274 3634 467 3698 immutatione
485 3636 591 3687 formae
609 3635 649 3687 eis
667 3635 869 3704 adiungantur,
891 3650 1011 3701 quorum
1030 3631 1107 3684 notio
1133 3631 1169 3683 il-

130 3726 169 3780 lls
193 3726 308 3779 asliactis
334 3720 491 3778 accuratius
515 3723 670 3776 definienda
689 3729 748 3788 cst,
776 3723 821 3775 lta
836 3730 875 3776 ut·
888 3720 1060 3789 adpositione
1088 3719 1169 3788 quasi

132 3841 194 3876 cum
211 3821 256 3874 his
276 3839 396 3875 connexa
414 3820 485 3885 sint,
511 3837 535 3872 e.
554 3837 580 3889 g
599 3812 686 3888 ΠΜ
710 3810 868 3897 Ε’ἿὉΝρ
890 3817 1082 3878 verbascum·
1108 3817 1169 3896 plc-

131 3931 252 3982 rumque
278 3920 370 3967 tamen
396 3913 518 3966 altarum
542 3889 657 3963 illorum
677 3872 924 3963 substantivorum
952 3903 1077 3977 genitivo
1102 3922 1168 3960 casu

132 4000 299 4067 adhibetur,
325 4001 368 4056 ita
392 4019 477 4066 vero,
506 4006 539 4054 ut
563 3998 673 4068 saepius
697 3998 743 4065 id,
771 3997 845 4067 quosl
872 3994 1056 4064 qualitatem,
1085 4012 1169 4064 quam

129 4090 209 4162 quoti
225 4091 412 4148 substantiam
436 4092 497 4146 cius
516 4089 670 4146 adiectione
686 4086 850 4143 accuratius·
868 4082 1064 4157 designandam
1081 4084 1169 4155 signi-

131 4189 216 4256 ficet,
237 4189 357 4260 genitivi
374 4182 565 4263 casualem
581 4184 727 4252 obtineat,
745 4201 769 4238 e.
787 4200 816 4258 g.
834 4174 922 4265 Πξὶξ
945 4174 1073 4264 '‘mlii''
1086 4176 1169 4235 mbo
