2616 4814
152 424 206 482 188
303 427 354 482 vt
387 429 428 483 De
444 427 566 503 puniunt
585 428 715 483 matianis
731 427 820 484 noua
836 434 920 498 utque
937 431 1049 483 adura.

156 589 354 653 substantivo
382 612 450 656 esse
477 580 736 675 conitingantur?
784 592 905 657 Omnes
936 590 1026 672 idve,
1058 605 1202 675 'quorum

157 693 276 776 scripta
297 693 513 783 inspeximuffi
544 693 742 778 grammatici
771 695 998 759 adverbiorum
1025 693 1100 755 loco
1131 693 1202 753 ilias

156 807 224 856 tum
245 793 405 856 habendas
427 808 576 876 censent3
616 796 750 880 ipseque
778 784 838 859 cel.
860 798 1078 873 Hermanno,
1112 797 1204 857 »Non

158 895 270 975 debat,
297 895 400 980 inquit
416 897 469 978 ¹),
497 896 560 959 hoc
581 918 650 959 esse
671 897 861 978 offanaicni,
888 898 976 984 quod
997 898 1033 960 in
1049 897 1138 959 hisce
1159 907 1204 958 at·

158 1016 221 1082 que
242 996 311 1058 aliis
341 999 488 1080 plurimis
519 1000 672 1083 exemplis
704 1000 773 1082 (sol
795 1011 900 1067 armna
919 1013 985 1085 eat,
1016 1021 1070 1079 eqo
1096 1008 1205 1082 aidane

157 1103 263 1181 sunt),
286 1099 313 1160 si
336 1101 459 1162 Graeca
480 1088 655 1186 Latinique
677 1103 784 1188 lingua
806 1103 1045 1186 exprimuntur,
1066 1098 1205 1184 particu-

69 1246 72 1251 .
157 1200 207 1262 lae
229 1203 302 1265 ioco
324 1222 441 1264 nomen
462 1202 653 1266 adiectivum
675 1205 827 1267 occurrit.
869 1204 906 1266 Id
926 1203 1011 1267 anim
1031 1202 1111 1266 vitio
1131 1201 1204 1264 ista·

156 1324 229 1365 rum
250 1304 447 1387 linguarum,
477 1325 543 1383 non
563 1284 821 1370 rei'neeeaaitate
841 1305 886 1368 fit.
928 1307 965 1366 Id
987 1304 1074 1389 quod
1097 1303 1205 1365 claris·

157 1407 238 1469 simo
262 1427 280 1468 c
304 1407 491 1469 Germanica
514 1408 620 1491 lingua
641 1411 861 1493 cognoscitur,
889 1409 980 1471 cuius
1000 1407 1033 1468 in
1054 1405 1114 1468 hac
1134 1404 1205 1489 qui-

158 1508 232 1569 dem
260 1529 296 1570 re
326 1508 522 1571 admirabilia
548 1510 667 1574 veritas
696 1525 744 1575 cst
773 1525 868 1597 atquc
896 1508 1089 1593 simplicitas.
1138 1507 1205 1567 Nos

67 1676 73 1687 ,
159 1611 242 1697 enim
270 1633 333 1684 non
362 1622 480 1675 noman
502 1613 695 1678 adiectivum
715 1609 1033 1698 iungimus'(verbo)
1062 1607 1205 1670 substans

158 1713 247 1794 tivo,
267 1715 326 1776 aed
346 1713 551 1794 adverbium,
573 1729 608 1779 ut
628 1717 660 1779 in
682 1715 751 1795 his,
770 1724 837 1781 'dus
858 1721 958 1794 ΡΜ
976 1723 1019 1778 ist
1034 1724 1107 1793 qut,
1133 1716 1212 1774 dead

37 1830 61 1905 Ἰ
158 1838 218 1899 scr,
240 1838 291 1880 am
313 1824 435 1902 beaten,
468 1816 582 1901 piane,
615 1830 652 1881 ut
673 1817 723 1880 rei
743 1830 854 1880 natura
876 1815 1035 1900 postulat,
1068 1810 1205 1895 simplici

159 1918 350 2011 conditionis
370 1932 444 1982 nota
466 1940 539 1982 cum
561 1920 707 1984 subiecto
728 1920 885 2003 copulata.
940 1918 1068 2008 Quanto
1090 1932 1206 1998 opero·

158 2021 222 2083 sius
242 2021 351 2083 Latini
370 2034 403 2106 et
422 2023 556 2102 Graeci,
587 2042 688 2107 equus
708 2030 807 2088 donus
829 2034 895 2105 est,
915 2029 1036 2102 melior,
1063 2026 1206 2100 optimus,

160 2123 304 2197 ὁῖππος
327 2123 461 2209 ἁγαθός
485 2122 551 2206 igr,
585 2125 763 2214 κρείσσων,
792 2121 967 2203 βέλτιςος.
1025 2118 1099 2214 Quo
1127 2116 1207 2205 quid
1235 2202 1240 2209 Ι

130 2238 133 2252 ’
158 2226 244 2288 aliud
258 2225 448 2311 significant,
470 2248 566 2312 quam
582 2227 664 2305 hoc,
684 2247 782 2306 equus
803 2237 850 2290 eat
869 2246 967 2305 equus
980 2230 1088 2305 imus,
1109 2242 1207 2302 emata

152 2326 274 2412 'melion
295 2351 393 2408 equus
413 2332 598 2410 antimosi«
626 2364 667 2378 -
695 2326 822 2419 Quibus
844 2324 876 2386 in
900 2322 1105 2408 sequentibus
1125 2322 1206 2385 baec

159 2428 261 2488 addit:
294 2420 418 2512 »Supra
439 2430 592 2506 diximus,
617 2430 852 2491 Germanorum
872 2425 1013 2510 linguam
1034 2445 1131 2509 saepe
1152 2425 1207 2487 ad·

159 2528 278 2592 verbiia
299 2529 362 2605 uti,
384 2529 440 2589 ubi
456 2529 573 2592 Graeci
586 2528 786 2612 Romanique
801 2528 928 2589 nomina
944 2528 1099 2592 adiectiva
1115 2548 1206 2589 usutr·
1280 2566 1284 2579 ·

158 2641 244 2711 pant.
287 2633 379 2692 Hanc
395 2631 663 2712 permutationem
682 2629 881 2692 diversarum
898 2630 1050 2692 orationis
1067 2631 1207 2714 partium

157 2744 246 2813 patet
273 2751 292 2792 c
318 2730 555 2816 significationis
586 2731 738 2796 affinitate
765 2731 862 2793 nasci.
920 2733 1058 2795 Etenim·
1076 2732 1206 2795 nomina

158 2831 312 2898 adiectiva
335 2854 375 2896 eo
393 2846 520 2897 tantum
548 2833 600 2929 ab.
613 2832 776 2897 adverbiis
798 2831 968 2915 differunt,
1003 2833 1206 2919 quodprae-

37 2931 57 2981 '·
158 2947 208 2996 tar
237 2935 428 3001 conditionis
461 2936 595 3000 alicuius
617 2933 813 2998 notationem
840 2934 934 2996 simul
962 2955 1034 2996 rem
1056 2935 1205 3018 aliquam,

22 3105 50 3139 ,¹
158 3037 247 3098 cuius
269 3058 306 3101 ea
327 3037 469 3100 conditio
488 3037 547 3117 sit,
568 3036 792 3118 indicants2).
835 3036 927 3130 Quae
948 3034 1076 3118 quidam
1097 3048 1205 3117 poste·

157 3138 244 3200 riora
267 3161 284 3199 a
306 3160 384 3201 vero
406 3160 469 3200 non
492 3161 625 3222 prorsus
642 3130 829 3216 abhorrere,
854 3135 1061 3199 confiteamur
1073 3159 1205 3204 necessa

159 3253 225 3318 εει)
247 3240 316 3302 illas
336 3261 417 3305 vero
439 3233 595 3303 dictiones
618 3257 689 3307 cum
710 3237 812 3301 verbo
828 3235 1026 3309 substantivo
1043 3263 1110 3305 osae
1129 3262 1205 3304 con·

158 3341 296 3419 iunctas,
317 3341 378 3402 nisi
399 3342 459 3402 alia
483 3341 637 3427 quaedam
659 3339 733 3401 huic
754 3339 857 3402 verbo
879 3340 973 3402 simul
994 3341 1137 3406 subiecta
1161 3345 1204 3408 sit

157 3445 268 3525 notio,
309 3443 535 3511 adverbiorum
563 3454 711 3508 naturam
739 3440 905 3523 obtinere,
946 3443 979 3511 id
1008 3467 1083 3508 sane
1106 3447 1204 3525 ,nullo

157 3547 254 3609 modo
276 3546 454 3610 concedere
474 3565 653 3628 possumus
705 3545 833 3607 Etenim
862 3567 925 3608 uon
946 3546 1133 3611 adversatur
1154 3568 1205 3611 soa

158 3649 225 3711 lum
246 3651 277 3712 ei
298 3650 348 3712 rei
370 3648 511 3710 omnium
531 3645 730 3728 reliquarum
750 3648 931 3745 linguarum
944 3649 1099 3734 analogia,
1122 3649 1205 3712 eius-

158 3751 246 3810 modi
268 3748 536 3813 enuntiationibus
556 3745 733 3810 {armandis
766 3769 831 3812 non
852 3749 914 3811 uisi
936 3748 1126 3813 adiectivum
1148 3751 1205 3814 ad·

159 3851 355 3930 bibentium
395 3849 454 3927 aed
476 3849 565 3943 ipsae
587 3868 735 3939 quoque,
756 3861 792 3926 ut
812 3849 876 3913 iam
896 3852 1095 3939 monuimus²
1116 3854 1203 3939 cogi·

225 4081 259 4150 o
277 4082 320 4159 no
337 4024 443 4139 aneu
461 4038 530 4147 at.
548 4081 600 4147 a».
616 4082 667 4146 or.
682 4099 710 4153 n·
726 4080 786 4148 us
884 4032 888 4041 ’

224 4169 256 4238 2)
274 4169 293 4224 t.
311 4170 331 4224 1.
349 4187 377 4241 p.
387 4166 456 4225 150.
