<?xml version="1.0" encoding="UTF-8"?>
<!DOCTYPE html PUBLIC "-//W3C//DTD XHTML 1.0 Transitional//EN"
    "http://www.w3.org/TR/xhtml1/DTD/xhtml1-transitional.dtd">
<html xmlns="http://www.w3.org/1999/xhtml" xml:lang="en" lang="en">
 <head>
  <title>
</title>
<meta http-equiv="Content-Type" content="text/html;charset=utf-8" />
  <meta name='ocr-system' content='tesseract 3.04.00' />
  <meta name='ocr-capabilities' content='ocr_page ocr_carea ocr_par ocr_line ocrx_word'/>
</head>
<body>
  <div class='ocr_page' id='page_1' title='image "./carfrchrwagneri00wagngoog_0185.png"; bbox 0 0 2616 4814; ppageno 0'>
   <div class='ocr_carea' id='block_1_1' title="bbox 146 394 1036 496">
    <p class='ocr_par' dir='ltr' id='par_1_1' title="bbox 146 394 1036 496">
     <span class='ocr_line' id='line_1_1' title="bbox 146 394 1036 496; baseline 0.006 -21"><span class='ocrx_word' id='word_1_1' title='bbox 146 394 201 478; x_wconf 78' lang='lat' dir='ltr'><strong>tu</strong></span> <span class='ocrx_word' id='word_1_2' title='bbox 297 414 348 476; x_wconf 82' lang='lat' dir='ltr'><strong>m.</strong></span> <span class='ocrx_word' id='word_1_3' title='bbox 382 419 560 493; x_wconf 71' lang='lat' dir='ltr'><strong>raparum</strong></span> <span class='ocrx_word' id='word_1_4' title='bbox 575 402 707 478; x_wconf 60' lang='lat' dir='ltr'><strong>meent</strong></span> <span class='ocrx_word' id='word_1_5' title='bbox 721 416 809 481; x_wconf 71' lang='lat' dir='ltr'><strong>uasta</strong></span> <span class='ocrx_word' id='word_1_6' title='bbox 827 429 908 496; x_wconf 73' lang='lat' dir='ltr'><strong>aequa</strong></span> <span class='ocrx_word' id='word_1_7' title='bbox 925 429 1036 480; x_wconf 68' lang='lat' dir='ltr'><strong>amoc</strong></span> 
     </span>
    </p>
   </div>
   <div class='ocr_carea' id='block_1_2' title="bbox 80 570 1188 1796">
    <p class='ocr_par' dir='ltr' id='par_1_2' title="bbox 80 570 1188 1796">
     <span class='ocr_line' id='line_1_2' title="bbox 108 570 1188 674; baseline 0 -22"><span class='ocrx_word' id='word_1_8' title='bbox 108 624 114 635; x_wconf 94' lang='lat'><strong>·</strong></span> <span class='ocrx_word' id='word_1_9' title='bbox 229 586 474 652; x_wconf 65' lang='lat' dir='ltr'><strong>metanoeam</strong></span> <span class='ocrx_word' id='word_1_10' title='bbox 494 584 631 670; x_wconf 74' lang='lat' dir='ltr'><strong>cogitata</strong></span> <span class='ocrx_word' id='word_1_11' title='bbox 652 584 693 648; x_wconf 78' lang='lat' dir='ltr'><strong>sd</strong></span> <span class='ocrx_word' id='word_1_12' title='bbox 713 570 850 673; x_wconf 78' lang='lat' dir='ltr'><strong>spatium</strong></span> <span class='ocrx_word' id='word_1_13' title='bbox 875 586 1066 674; x_wconf 78' lang='lat' dir='ltr'><strong>tempusqud</strong></span> <span class='ocrx_word' id='word_1_14' title='bbox 1088 574 1188 674; x_wconf 74' lang='lat' dir='ltr'><strong>quum</strong></span> 
     </span>
     <span class='ocr_line' id='line_1_3' title="bbox 145 686 1187 774; baseline -0.003 -20"><span class='ocrx_word' id='word_1_15' title='bbox 145 687 344 768; x_wconf 79' lang='lat' dir='ltr'><strong>referantur,</strong></span> <span class='ocrx_word' id='word_1_16' title='bbox 374 687 454 750; x_wconf 88' lang='lat' dir='ltr'><strong>haec</strong></span> <span class='ocrx_word' id='word_1_17' title='bbox 475 708 605 774; x_wconf 87' lang='lat' dir='ltr'><strong>quoque</strong></span> <span class='ocrx_word' id='word_1_18' title='bbox 633 686 665 750; x_wconf 91' lang='lat' dir='ltr'><strong>in</strong></span> <span class='ocrx_word' id='word_1_19' title='bbox 686 688 833 753; x_wconf 88' lang='lat' dir='ltr'><strong>omnibus</strong></span> <span class='ocrx_word' id='word_1_20' title='bbox 861 691 976 753; x_wconf 88' lang='lat' dir='ltr'><strong>uostris</strong></span> <span class='ocrx_word' id='word_1_21' title='bbox 998 688 1187 752; x_wconf 85' lang='lat' dir='ltr'><strong>enuntiatio·</strong></span> 
     </span>
     <span class='ocr_line' id='line_1_4' title="bbox 145 778 1187 877; baseline 0.001 -23"><span class='ocrx_word' id='word_1_22' title='bbox 145 791 238 855; x_wconf 79' lang='lat' dir='ltr'><strong>nibus</strong></span> <span class='ocrx_word' id='word_1_23' title='bbox 256 789 481 874; x_wconf 71' lang='lat' dir='ltr'><strong>respiciamus,</strong></span> <span class='ocrx_word' id='word_1_24' title='bbox 501 808 635 874; x_wconf 86' lang='lat' dir='ltr'><strong>prorsus</strong></span> <span class='ocrx_word' id='word_1_25' title='bbox 656 808 787 854; x_wconf 85' lang='lat' dir='ltr'><strong>necesse</strong></span> <span class='ocrx_word' id='word_1_26' title='bbox 808 805 864 855; x_wconf 85' lang='lat' dir='ltr'><strong>est.</strong></span> <span class='ocrx_word' id='word_1_27' title='bbox 908 778 1009 877; x_wconf 78' lang='lat' dir='ltr'><strong>spatii</strong></span> <span class='ocrx_word' id='word_1_28' title='bbox 1030 812 1110 856; x_wconf 85' lang='lat' dir='ltr'><strong>vero</strong></span> <span class='ocrx_word' id='word_1_29' title='bbox 1129 808 1187 855; x_wconf 89' lang='lat' dir='ltr'><strong>no·</strong></span> 
     </span>
     <span class='ocr_line' id='line_1_5' title="bbox 144 887 1186 980; baseline -0.002 -23"><span class='ocrx_word' id='word_1_30' title='bbox 144 894 207 973; x_wconf 84' lang='lat' dir='ltr'><strong>tio,</strong></span> <span class='ocrx_word' id='word_1_31' title='bbox 230 916 326 979; x_wconf 90' lang='lat' dir='ltr'><strong>quam</strong></span> <span class='ocrx_word' id='word_1_32' title='bbox 345 894 450 956; x_wconf 86' lang='lat' dir='ltr'><strong>animo</strong></span> <span class='ocrx_word' id='word_1_33' title='bbox 471 887 697 973; x_wconf 84' lang='lat' dir='ltr'><strong>informamus,</strong></span> <span class='ocrx_word' id='word_1_34' title='bbox 718 894 755 956; x_wconf 89' lang='lat' dir='ltr'><strong>in</strong></span> <span class='ocrx_word' id='word_1_35' title='bbox 772 912 908 977; x_wconf 85' lang='lat' dir='ltr'><strong>parvum</strong></span> <span class='ocrx_word' id='word_1_36' title='bbox 929 894 1088 980; x_wconf 79' lang='lat' dir='ltr'><strong>quendam</strong></span> <span class='ocrx_word' id='word_1_37' title='bbox 1111 914 1186 963; x_wconf 84' lang='lat' dir='ltr'><strong>coo·</strong></span> 
     </span>
     <span class='ocr_line' id='line_1_6' title="bbox 80 992 1186 1081; baseline -0.003 -21"><span class='ocrx_word' id='word_1_38' title='bbox 80 992 85 1000; x_wconf 77' lang='grc'>’</span> <span class='ocrx_word' id='word_1_39' title='bbox 145 994 284 1060; x_wconf 84' lang='lat' dir='ltr'><strong>eluditur</strong></span> <span class='ocrx_word' id='word_1_40' title='bbox 310 995 435 1075; x_wconf 88' lang='lat' dir='ltr'><strong>locum,</strong></span> <span class='ocrx_word' id='word_1_41' title='bbox 470 1006 565 1081; x_wconf 86' lang='lat' dir='ltr'><strong>atque</strong></span> <span class='ocrx_word' id='word_1_42' title='bbox 593 994 765 1057; x_wconf 77' lang='lat' dir='ltr'><strong>admodum</strong></span> <span class='ocrx_word' id='word_1_43' title='bbox 790 997 930 1080; x_wconf 80' lang='lat' dir='ltr'><strong>angustis</strong></span> <span class='ocrx_word' id='word_1_44' title='bbox 952 995 1186 1059; x_wconf 88' lang='lat' dir='ltr'><strong>circumscribi·</strong></span> 
     </span>
     <span class='ocr_line' id='line_1_7' title="bbox 143 1094 1184 1184; baseline -0.002 -22"><span class='ocrx_word' id='word_1_45' title='bbox 143 1104 198 1162; x_wconf 85' lang='lat' dir='ltr'><strong>tur</strong></span> <span class='ocrx_word' id='word_1_46' title='bbox 216 1097 378 1179; x_wconf 82' lang='lat' dir='ltr'><strong>terminis3</strong></span> <span class='ocrx_word' id='word_1_47' title='bbox 401 1108 434 1158; x_wconf 90' lang='lat' dir='ltr'><strong>at</strong></span> <span class='ocrx_word' id='word_1_48' title='bbox 453 1106 578 1181; x_wconf 90' lang='lat' dir='ltr'><strong>tempus</strong></span> <span class='ocrx_word' id='word_1_49' title='bbox 598 1094 754 1158; x_wconf 84' lang='lat' dir='ltr'><strong>infinitum</strong></span> <span class='ocrx_word' id='word_1_50' title='bbox 777 1096 928 1181; x_wconf 81' lang='lat' dir='ltr'><strong>quiddam</strong></span> <span class='ocrx_word' id='word_1_51' title='bbox 949 1110 998 1162; x_wconf 88' lang='lat' dir='ltr'><strong>est</strong></span> <span class='ocrx_word' id='word_1_52' title='bbox 1018 1108 1113 1184; x_wconf 88' lang='lat' dir='ltr'><strong>atque</strong></span> <span class='ocrx_word' id='word_1_53' title='bbox 1127 1100 1184 1160; x_wconf 60' lang='lat' dir='ltr'><strong>im*</strong></span> 
     </span>
     <span class='ocr_line' id='line_1_8' title="bbox 142 1182 1184 1285; baseline 0.001 -23"><span class='ocrx_word' id='word_1_54' title='bbox 142 1194 312 1277; x_wconf 78' lang='lat' dir='ltr'><strong>mensum,</strong></span> <span class='ocrx_word' id='word_1_55' title='bbox 330 1198 420 1261; x_wconf 89' lang='lat' dir='ltr'><strong>cuius</strong></span> <span class='ocrx_word' id='word_1_56' title='bbox 439 1216 499 1261; x_wconf 83' lang='lat' dir='ltr'><strong>nee</strong></span> <span class='ocrx_word' id='word_1_57' title='bbox 520 1198 661 1280; x_wconf 90' lang='lat' dir='ltr'><strong>initium,</strong></span> <span class='ocrx_word' id='word_1_58' title='bbox 690 1218 750 1262; x_wconf 88' lang='lat' dir='ltr'><strong>nec</strong></span> <span class='ocrx_word' id='word_1_59' title='bbox 769 1198 865 1279; x_wconf 76' lang='lat' dir='ltr'><strong>dinem</strong></span> <span class='ocrx_word' id='word_1_60' title='bbox 886 1198 991 1263; x_wconf 80' lang='lat' dir='ltr'><strong>animo</strong></span> <span class='ocrx_word' id='word_1_61' title='bbox 1012 1182 1184 1285; x_wconf 70' lang='lat' dir='ltr'><strong>concipere</strong></span> 
     </span>
     <span class='ocr_line' id='line_1_9' title="bbox 141 1298 1183 1386; baseline 0.001 -21"><span class='ocrx_word' id='word_1_62' title='bbox 141 1320 326 1386; x_wconf 82' lang='lat' dir='ltr'><strong>possumus,</strong></span> <span class='ocrx_word' id='word_1_63' title='bbox 347 1298 435 1385; x_wconf 91' lang='lat' dir='ltr'><strong>quod</strong></span> <span class='ocrx_word' id='word_1_64' title='bbox 455 1298 593 1363; x_wconf 86' lang='lat' dir='ltr'><strong>fluminis</strong></span> <span class='ocrx_word' id='word_1_65' title='bbox 614 1300 714 1364; x_wconf 88' lang='lat' dir='ltr'><strong>instar</strong></span> <span class='ocrx_word' id='word_1_66' title='bbox 734 1300 858 1365; x_wconf 87' lang='lat' dir='ltr'><strong>assiduo</strong></span> <span class='ocrx_word' id='word_1_67' title='bbox 875 1314 964 1366; x_wconf 88' lang='lat' dir='ltr'><strong>motu</strong></span> <span class='ocrx_word' id='word_1_68' title='bbox 980 1300 1108 1383; x_wconf 77' lang='lat' dir='ltr'><strong>labitur,</strong></span> <span class='ocrx_word' id='word_1_69' title='bbox 1130 1314 1183 1366; x_wconf 76' lang='lat' dir='ltr'><strong>etr</strong></span> 
     </span>
     <span class='ocr_line' id='line_1_10' title="bbox 141 1396 1182 1490; baseline 0.002 -24"><span class='ocrx_word' id='word_1_70' title='bbox 141 1396 257 1489; x_wconf 81' lang='lat' dir='ltr'><strong>iusque</strong></span> <span class='ocrx_word' id='word_1_71' title='bbox 284 1420 394 1466; x_wconf 85' lang='lat' dir='ltr'><strong>cursus</strong></span> <span class='ocrx_word' id='word_1_72' title='bbox 421 1399 510 1464; x_wconf 85' lang='lat' dir='ltr'><strong>nulio</strong></span> <span class='ocrx_word' id='word_1_73' title='bbox 539 1404 635 1465; x_wconf 91' lang='lat' dir='ltr'><strong>modo</strong></span> <span class='ocrx_word' id='word_1_74' title='bbox 663 1396 800 1464; x_wconf 81' lang='lat' dir='ltr'><strong>iniriheri</strong></span> <span class='ocrx_word' id='word_1_75' title='bbox 826 1416 933 1487; x_wconf 82' lang='lat' dir='ltr'><strong>potest</strong></span> <span class='ocrx_word' id='word_1_76' title='bbox 960 1404 1107 1490; x_wconf 77' lang='lat' dir='ltr'><strong>sistique:</strong></span> <span class='ocrx_word' id='word_1_77' title='bbox 1150 1407 1182 1468; x_wconf 90' lang='lat' dir='ltr'><strong>in</strong></span> 
     </span>
     <span class='ocr_line' id='line_1_11' title="bbox 142 1502 1182 1592; baseline 0.001 -24"><span class='ocrx_word' id='word_1_78' title='bbox 142 1524 208 1592; x_wconf 90' lang='lat' dir='ltr'><strong>quo</strong></span> <span class='ocrx_word' id='word_1_79' title='bbox 224 1507 324 1590; x_wconf 84' lang='lat' dir='ltr'><strong>igitur</strong></span> <span class='ocrx_word' id='word_1_80' title='bbox 338 1516 436 1591; x_wconf 84' lang='lat' dir='ltr'><strong>quum</strong></span> <span class='ocrx_word' id='word_1_81' title='bbox 453 1505 557 1568; x_wconf 90' lang='lat' dir='ltr'><strong>omnia</strong></span> <span class='ocrx_word' id='word_1_82' title='bbox 578 1502 831 1585; x_wconf 74' lang='lat' dir='ltr'><strong>considerentur,</strong></span> <span class='ocrx_word' id='word_1_83' title='bbox 852 1507 1182 1591; x_wconf 67' lang='lat' dir='ltr'><strong>quae-praeterierintt</strong></span> 
     </span>
     <span class='ocr_line' id='line_1_12' title="bbox 141 1602 1182 1693; baseline 0.002 -22"><span class='ocrx_word' id='word_1_84' title='bbox 141 1614 175 1671; x_wconf 87' lang='lat' dir='ltr'><strong>&#39;et</strong></span> <span class='ocrx_word' id='word_1_85' title='bbox 195 1602 271 1671; x_wconf 88' lang='lat' dir='ltr'><strong>item</strong></span> <span class='ocrx_word' id='word_1_86' title='bbox 293 1627 375 1692; x_wconf 88' lang='lat' dir='ltr'><strong>quae</strong></span> <span class='ocrx_word' id='word_1_87' title='bbox 395 1602 513 1669; x_wconf 91' lang='lat' dir='ltr'><strong>instent</strong></span> <span class='ocrx_word' id='word_1_88' title='bbox 533 1606 773 1693; x_wconf 89' lang='lat' dir='ltr'><strong>inpraesentia,</strong></span> <span class='ocrx_word' id='word_1_89' title='bbox 796 1620 828 1670; x_wconf 91' lang='lat' dir='ltr'><strong>et</strong></span> <span class='ocrx_word' id='word_1_90' title='bbox 849 1620 931 1693; x_wconf 85' lang='lat' dir='ltr'><strong>quae</strong></span> <span class='ocrx_word' id='word_1_91' title='bbox 944 1610 1081 1674; x_wconf 85' lang='lat' dir='ltr'><strong>maxime</strong></span> <span class='ocrx_word' id='word_1_92' title='bbox 1095 1608 1182 1690; x_wconf 85' lang='lat' dir='ltr'><strong>fiant,</strong></span> 
     </span>
     <span class='ocr_line' id='line_1_13' title="bbox 140 1709 1185 1796; baseline 0.002 -22"><span class='ocrx_word' id='word_1_93' title='bbox 140 1723 174 1774; x_wconf 87' lang='lat' dir='ltr'><strong>et</strong></span> <span class='ocrx_word' id='word_1_94' title='bbox 194 1729 277 1796; x_wconf 89' lang='lat' dir='ltr'><strong>quae</strong></span> <span class='ocrx_word' id='word_1_95' title='bbox 298 1718 549 1793; x_wconf 83' lang='lat' dir='ltr'><strong>consequantur,</strong></span> <span class='ocrx_word' id='word_1_96' title='bbox 580 1709 613 1769; x_wconf 90' lang='lat' dir='ltr'><strong>in</strong></span> <span class='ocrx_word' id='word_1_97' title='bbox 636 1709 886 1772; x_wconf 80' lang='lat' dir='ltr'><strong>enuntiationum</strong></span> <span class='ocrx_word' id='word_1_98' title='bbox 916 1726 1045 1796; x_wconf 84' lang='lat' dir='ltr'><strong>quaque</strong></span> <span class='ocrx_word' id='word_1_99' title='bbox 1072 1712 1106 1774; x_wconf 91' lang='lat' dir='ltr'><strong>id</strong></span> <span class='ocrx_word' id='word_1_100' title='bbox 1131 1722 1185 1776; x_wconf 50' lang='lat' dir='ltr'><strong>re&amp;</strong></span> 
     </span>
    </p>
   </div>
   <div class='ocr_carea' id='block_1_3' title="bbox 25 1809 1183 1900">
    <p class='ocr_par' dir='ltr' id='par_1_3' title="bbox 25 1809 1183 1900">
     <span class='ocr_line' id='line_1_14' title="bbox 25 1809 1183 1900; baseline 0.009 -33"><span class='ocrx_word' id='word_1_101' title='bbox 25 1860 29 1867; x_wconf 92' lang='lat'>.</span> <span class='ocrx_word' id='word_1_102' title='bbox 139 1812 326 1899; x_wconf 73' lang='lat' dir='ltr'><strong>spiciamus,</strong></span> <span class='ocrx_word' id='word_1_103' title='bbox 354 1810 537 1897; x_wconf 84' lang='lat' dir='ltr'><strong>ipsiusque,</strong></span> <span class='ocrx_word' id='word_1_104' title='bbox 563 1812 617 1875; x_wconf 79' lang='lat' dir='ltr'><strong>vel</strong></span> <span class='ocrx_word' id='word_1_105' title='bbox 637 1810 749 1895; x_wconf 33' lang='lat' dir='ltr'><strong>potius·</strong></span> <span class='ocrx_word' id='word_1_106' title='bbox 765 1809 916 1891; x_wconf 86' lang='lat' dir='ltr'><strong>actionis,</strong></span> <span class='ocrx_word' id='word_1_107' title='bbox 945 1813 1084 1900; x_wconf 82' lang='lat' dir='ltr'><strong>indeque</strong></span> <span class='ocrx_word' id='word_1_108' title='bbox 1104 1834 1183 1899; x_wconf 88' lang='lat' dir='ltr'><strong>pen·</strong></span> 
     </span>
    </p>
   </div>
   <div class='ocr_carea' id='block_1_4' title="bbox 83 1908 1184 4249">
    <p class='ocr_par' dir='ltr' id='par_1_4' title="bbox 83 1908 1184 4249">
     <span class='ocr_line' id='line_1_15' title="bbox 119 1908 1182 1999; baseline 0.002 -21"><span class='ocrx_word' id='word_1_109' title='bbox 119 1914 242 1978; x_wconf 78' lang='lat' dir='ltr'><strong>dentis</strong></span> <span class='ocrx_word' id='word_1_110' title='bbox 267 1908 468 1993; x_wconf 83' lang='lat' dir='ltr'><strong>mutationis,</strong></span> <span class='ocrx_word' id='word_1_111' title='bbox 501 1934 563 1999; x_wconf 89' lang='lat' dir='ltr'><strong>qua</strong></span> <span class='ocrx_word' id='word_1_112' title='bbox 584 1912 665 1975; x_wconf 87' lang='lat' dir='ltr'><strong>iilud</strong></span> <span class='ocrx_word' id='word_1_113' title='bbox 694 1913 823 1976; x_wconf 84' lang='lat' dir='ltr'><strong>omuino</strong></span> <span class='ocrx_word' id='word_1_114' title='bbox 849 1915 961 1979; x_wconf 86' lang='lat' dir='ltr'><strong>nititur</strong></span> <span class='ocrx_word' id='word_1_115' title='bbox 987 1919 1182 1982; x_wconf 79' lang='lat' dir='ltr'><strong>continetur·</strong></span> 
     </span>
     <span class='ocr_line' id='line_1_16' title="bbox 138 2011 1182 2112; baseline 0.003 -32"><span class='ocrx_word' id='word_1_116' title='bbox 138 2032 219 2104; x_wconf 85' lang='lat' dir='ltr'><strong>quc,</strong></span> <span class='ocrx_word' id='word_1_117' title='bbox 250 2028 357 2079; x_wconf 89' lang='lat' dir='ltr'><strong>uotam</strong></span> <span class='ocrx_word' id='word_1_118' title='bbox 387 2015 432 2078; x_wconf 89' lang='lat' dir='ltr'><strong>eis</strong></span> <span class='ocrx_word' id='word_1_119' title='bbox 460 2011 636 2077; x_wconf 88' lang='lat' dir='ltr'><strong>inseramus</strong></span> <span class='ocrx_word' id='word_1_120' title='bbox 664 2029 801 2099; x_wconf 83' lang='lat' dir='ltr'><strong>oportet.</strong></span> <span class='ocrx_word' id='word_1_121' title='bbox 855 2017 948 2112; x_wconf 81' lang='lat' dir='ltr'><strong>Quae</strong></span> <span class='ocrx_word' id='word_1_122' title='bbox 970 2039 1046 2081; x_wconf 87' lang='lat' dir='ltr'><strong>sanc</strong></span> <span class='ocrx_word' id='word_1_123' title='bbox 1076 2020 1182 2084; x_wconf 78' lang='lat' dir='ltr'><strong>omnia</strong></span> 
     </span>
     <span class='ocr_line' id='line_1_17' title="bbox 137 2115 1181 2208; baseline 0.002 -24"><span class='ocrx_word' id='word_1_124' title='bbox 137 2142 236 2208; x_wconf 85' lang='lat' dir='ltr'><strong>quum</strong></span> <span class='ocrx_word' id='word_1_125' title='bbox 257 2118 290 2181; x_wconf 90' lang='lat' dir='ltr'><strong>in</strong></span> <span class='ocrx_word' id='word_1_126' title='bbox 311 2116 410 2183; x_wconf 83' lang='lat' dir='ltr'><strong>verba</strong></span> <span class='ocrx_word' id='word_1_127' title='bbox 431 2116 600 2197; x_wconf 83' lang='lat' dir='ltr'><strong>caderent,</strong></span> <span class='ocrx_word' id='word_1_128' title='bbox 621 2115 758 2180; x_wconf 75' lang='lat' dir='ltr'><strong>verbum</strong></span> <span class='ocrx_word' id='word_1_129' title='bbox 780 2117 910 2203; x_wconf 89' lang='lat' dir='ltr'><strong>aliquod</strong></span> <span class='ocrx_word' id='word_1_130' title='bbox 931 2119 969 2182; x_wconf 86' lang='lat' dir='ltr'><strong>ad</strong></span> <span class='ocrx_word' id='word_1_131' title='bbox 991 2122 1181 2186; x_wconf 87' lang='lat' dir='ltr'><strong>sententiam</strong></span> 
     </span>
     <span class='ocr_line' id='line_1_18' title="bbox 135 2216 1181 2308; baseline 0.003 -23"><span class='ocrx_word' id='word_1_132' title='bbox 135 2218 316 2308; x_wconf 80' lang='lat' dir='ltr'><strong>¹ponendam</strong></span> <span class='ocrx_word' id='word_1_133' title='bbox 336 2216 579 2304; x_wconf 80' lang='lat' dir='ltr'><strong>requirebatur,</strong></span> <span class='ocrx_word' id='word_1_134' title='bbox 601 2232 635 2283; x_wconf 91' lang='lat' dir='ltr'><strong>et</strong></span> <span class='ocrx_word' id='word_1_135' title='bbox 655 2218 688 2281; x_wconf 88' lang='lat' dir='ltr'><strong>in</strong></span> <span class='ocrx_word' id='word_1_136' title='bbox 708 2220 864 2282; x_wconf 90' lang='lat' dir='ltr'><strong>eiusmodi</strong></span> <span class='ocrx_word' id='word_1_137' title='bbox 885 2221 1015 2306; x_wconf 88' lang='lat' dir='ltr'><strong>quidem</strong></span> <span class='ocrx_word' id='word_1_138' title='bbox 1039 2226 1181 2288; x_wconf 83' lang='lat' dir='ltr'><strong>enuntia·</strong></span> 
     </span>
     <span class='ocr_line' id='line_1_19' title="bbox 135 2317 1180 2407; baseline -0.001 -17"><span class='ocrx_word' id='word_1_139' title='bbox 135 2324 293 2403; x_wconf 84' lang='lat' dir='ltr'><strong>tionibus,</strong></span> <span class='ocrx_word' id='word_1_140' title='bbox 324 2322 357 2382; x_wconf 92' lang='lat' dir='ltr'><strong>in</strong></span> <span class='ocrx_word' id='word_1_141' title='bbox 385 2319 500 2406; x_wconf 88' lang='lat' dir='ltr'><strong>quibus</strong></span> <span class='ocrx_word' id='word_1_142' title='bbox 530 2317 657 2403; x_wconf 84' lang='lat' dir='ltr'><strong>priores</strong></span> <span class='ocrx_word' id='word_1_143' title='bbox 684 2322 861 2405; x_wconf 85' lang='lat' dir='ltr'><strong>praedicati</strong></span> <span class='ocrx_word' id='word_1_144' title='bbox 890 2334 997 2407; x_wconf 86' lang='lat' dir='ltr'><strong>partes</strong></span> <span class='ocrx_word' id='word_1_145' title='bbox 1022 2325 1180 2389; x_wconf 85' lang='lat' dir='ltr'><strong>adiectivo</strong></span> 
     </span>
     <span class='ocr_line' id='line_1_20' title="bbox 136 2421 1181 2511; baseline -0.003 -21"><span class='ocrx_word' id='word_1_146' title='bbox 136 2424 380 2502; x_wconf 81' lang='lat' dir='ltr'><strong>deferebantur,</strong></span> <span class='ocrx_word' id='word_1_147' title='bbox 412 2422 480 2485; x_wconf 88' lang='lat' dir='ltr'><strong>eius</strong></span> <span class='ocrx_word' id='word_1_148' title='bbox 501 2421 627 2507; x_wconf 81' lang='lat' dir='ltr'><strong>generis</strong></span> <span class='ocrx_word' id='word_1_149' title='bbox 648 2424 799 2505; x_wconf 73' lang='lat' dir='ltr'><strong>uerbum,</strong></span> <span class='ocrx_word' id='word_1_150' title='bbox 831 2427 938 2511; x_wconf 87' lang='lat' dir='ltr'><strong>quod,</strong></span> <span class='ocrx_word' id='word_1_151' title='bbox 962 2422 1101 2491; x_wconf 69' lang='lat' dir='ltr'><strong>&#39;eodonis</strong></span> <span class='ocrx_word' id='word_1_152' title='bbox 1123 2432 1181 2492; x_wconf 61' lang='lat' dir='ltr'><strong>noa</strong></span> 
     </span>
     <span class='ocr_line' id='line_1_21' title="bbox 135 2514 1181 2618; baseline 0.001 -24"><span class='ocrx_word' id='word_1_153' title='bbox 135 2528 224 2594; x_wconf 81' lang='lat' dir='ltr'><strong>tione</strong></span> <span class='ocrx_word' id='word_1_154' title='bbox 244 2526 313 2590; x_wconf 84' lang='lat' dir='ltr'><strong>iere</strong></span> <span class='ocrx_word' id='word_1_155' title='bbox 335 2524 519 2604; x_wconf 86' lang='lat' dir='ltr'><strong>obliterata,</strong></span> <span class='ocrx_word' id='word_1_156' title='bbox 542 2522 723 2588; x_wconf 86' lang='lat' dir='ltr'><strong>mutationis</strong></span> <span class='ocrx_word' id='word_1_157' title='bbox 743 2527 840 2590; x_wconf 92' lang='lat' dir='ltr'><strong>modo</strong></span> <span class='ocrx_word' id='word_1_158' title='bbox 861 2514 1077 2614; x_wconf 83' lang='lat' dir='ltr'><strong>temporisve,</strong></span> <span class='ocrx_word' id='word_1_159' title='bbox 1098 2542 1181 2618; x_wconf 85' lang='lat' dir='ltr'><strong>quae</strong></span> 
     </span>
     <span class='ocr_line' id='line_1_22' title="bbox 135 2625 1180 2716; baseline 0 -20"><span class='ocrx_word' id='word_1_160' title='bbox 135 2631 199 2696; x_wconf 82' lang='lat' dir='ltr'><strong>duo</strong></span> <span class='ocrx_word' id='word_1_161' title='bbox 228 2626 413 2694; x_wconf 78' lang='lat' dir='ltr'><strong>arctissimis</strong></span> <span class='ocrx_word' id='word_1_162' title='bbox 442 2626 527 2690; x_wconf 88' lang='lat' dir='ltr'><strong>iuter</strong></span> <span class='ocrx_word' id='word_1_163' title='bbox 555 2647 590 2688; x_wconf 90' lang='lat' dir='ltr'><strong>se</strong></span> <span class='ocrx_word' id='word_1_164' title='bbox 619 2625 786 2691; x_wconf 85' lang='lat' dir='ltr'><strong>coniuncte</strong></span> <span class='ocrx_word' id='word_1_165' title='bbox 815 2644 889 2693; x_wconf 89' lang='lat' dir='ltr'><strong>eunt</strong></span> <span class='ocrx_word' id='word_1_166' title='bbox 917 2632 1074 2714; x_wconf 87' lang='lat' dir='ltr'><strong>vinculis,</strong></span> <span class='ocrx_word' id='word_1_167' title='bbox 1114 2636 1180 2716; x_wconf 78' lang='lat' dir='ltr'><strong>rei,</strong></span> 
     </span>
     <span class='ocr_line' id='line_1_23' title="bbox 136 2728 1180 2823; baseline 0.003 -26"><span class='ocrx_word' id='word_1_168' title='bbox 136 2744 230 2823; x_wconf 82' lang='lat' dir='ltr'><strong>qd&#39;am</strong></span> <span class='ocrx_word' id='word_1_169' title='bbox 258 2730 455 2795; x_wconf 78' lang='lat' dir='ltr'><strong>recentiores</strong></span> <span class='ocrx_word' id='word_1_170' title='bbox 483 2742 598 2792; x_wconf 82' lang='lat' dir='ltr'><strong>vocant</strong></span> <span class='ocrx_word' id='word_1_171' title='bbox 617 2728 821 2817; x_wconf 86' lang='lat' dir='ltr'><strong>philosophi,</strong></span> <span class='ocrx_word' id='word_1_172' title='bbox 855 2731 1040 2798; x_wconf 82' lang='lat' dir='ltr'><strong>existentiae</strong></span> <span class='ocrx_word' id='word_1_173' title='bbox 1052 2737 1180 2803; x_wconf 68' lang='lat' dir='ltr'><strong>,maine</strong></span> 
     </span>
     <span class='ocr_line' id='line_1_24' title="bbox 133 2826 1180 2927; baseline -0.001 -24"><span class='ocrx_word' id='word_1_174' title='bbox 133 2832 196 2927; x_wconf 77' lang='lat' dir='ltr'><strong>ret&#39;</strong></span> <span class='ocrx_word' id='word_1_175' title='bbox 212 2834 444 2919; x_wconf 83' lang='lat' dir='ltr'><strong>exhiberetque</strong></span> <span class='ocrx_word' id='word_1_176' title='bbox 470 2832 586 2895; x_wconf 79' lang='lat' dir='ltr'><strong>iactam.</strong></span> <span class='ocrx_word' id='word_1_177' title='bbox 642 2833 737 2926; x_wconf 79' lang='lat' dir='ltr'><strong>Quod</strong></span> <span class='ocrx_word' id='word_1_178' title='bbox 766 2852 846 2900; x_wconf 77' lang='lat' dir='ltr'><strong>vero</strong></span> <span class='ocrx_word' id='word_1_179' title='bbox 876 2837 1012 2900; x_wconf 84' lang='lat' dir='ltr'><strong>verbum</strong></span> <span class='ocrx_word' id='word_1_180' title='bbox 1040 2826 1180 2903; x_wconf 78' lang='lat' dir='ltr'><strong>inveniri</strong></span> 
     </span>
     <span class='ocr_line' id='line_1_25' title="bbox 132 2928 1178 3027; baseline -0.002 -23"><span class='ocrx_word' id='word_1_181' title='bbox 132 2930 241 3027; x_wconf 61' lang='lat' dir='ltr'><strong>potest</strong></span> <span class='ocrx_word' id='word_1_182' title='bbox 257 2928 336 3013; x_wconf 80' lang='lat' dir='ltr'><strong>iiuie</strong></span> <span class='ocrx_word' id='word_1_183' title='bbox 354 2935 428 2998; x_wconf 82' lang='lat' dir='ltr'><strong>usui</strong></span> <span class='ocrx_word' id='word_1_184' title='bbox 450 2934 732 3015; x_wconf 83' lang='lat' dir='ltr'><strong>accommodatius,</strong></span> <span class='ocrx_word' id='word_1_185' title='bbox 766 2958 859 3022; x_wconf 89' lang='lat' dir='ltr'><strong>quam</strong></span> <span class='ocrx_word' id='word_1_186' title='bbox 880 2938 977 3017; x_wconf 88' lang='lat' dir='ltr'><strong>iilud&#39;,</strong></span> <span class='ocrx_word' id='word_1_187' title='bbox 1010 2939 1178 3004; x_wconf 86' lang='lat' dir='ltr'><strong>cuiuscun-</strong></span> 
     </span>
     <span class='ocr_line' id='line_1_26' title="bbox 134 3034 1177 3129; baseline 0 -24"><span class='ocrx_word' id='word_1_188' title='bbox 134 3063 197 3129; x_wconf 88' lang='lat' dir='ltr'><strong>que</strong></span> <span class='ocrx_word' id='word_1_189' title='bbox 217 3036 406 3103; x_wconf 67' lang='lat' dir='ltr'><strong>in-riiu‘ersis</strong></span> <span class='ocrx_word' id='word_1_190' title='bbox 427 3034 544 3119; x_wconf 84' lang='lat' dir='ltr'><strong>linguis</strong></span> <span class='ocrx_word' id='word_1_191' title='bbox 560 3036 606 3115; x_wconf 85' lang='lat' dir='ltr'><strong>¹sit</strong></span> <span class='ocrx_word' id='word_1_192' title='bbox 625 3038 775 3125; x_wconf 69' lang='lat' dir='ltr'><strong>originis,</strong></span> <span class='ocrx_word' id='word_1_193' title='bbox 809 3038 895 3123; x_wconf 89' lang='lat' dir='ltr'><strong>quod</strong></span> <span class='ocrx_word' id='word_1_194' title='bbox 915 3039 1009 3102; x_wconf 67' lang='lat' dir='ltr'><strong>derbi</strong></span> <span class='ocrx_word' id='word_1_195' title='bbox 1032 3039 1177 3105; x_wconf 75' lang='lat' dir='ltr'><strong>ausetan-</strong></span> 
     </span>
     <span class='ocr_line' id='line_1_27' title="bbox 133 3137 1176 3226; baseline -0.001 -18"><span class='ocrx_word' id='word_1_196' title='bbox 133 3143 192 3208; x_wconf 83' lang='lat' dir='ltr'><strong>aivi</strong></span> <span class='ocrx_word' id='word_1_197' title='bbox 212 3138 340 3204; x_wconf 82' lang='lat' dir='ltr'><strong>noitiine</strong></span> <span class='ocrx_word' id='word_1_198' title='bbox 362 3137 558 3221; x_wconf 74' lang='lat' dir='ltr'><strong>grammatici</strong></span> <span class='ocrx_word' id='word_1_199' title='bbox 582 3138 830 3221; x_wconf 75' lang='lat' dir='ltr'><strong>insignivemnt,</strong></span> <span class='ocrx_word' id='word_1_200' title='bbox 863 3141 1038 3226; x_wconf 88' lang='lat' dir='ltr'><strong>quodque,</strong></span> <span class='ocrx_word' id='word_1_201' title='bbox 1069 3142 1176 3209; x_wconf 85' lang='lat' dir='ltr'><strong>a&#39;ddita</strong></span> 
     </span>
     <span class='ocr_line' id='line_1_28' title="bbox 132 3238 1175 3330; baseline -0.001 -21"><span class='ocrx_word' id='word_1_202' title='bbox 132 3243 288 3330; x_wconf 74' lang='lat' dir='ltr'><strong>temporit</strong></span> <span class='ocrx_word' id='word_1_203' title='bbox 306 3238 555 3324; x_wconf 71' lang='lat' dir='ltr'><strong>significatione,</strong></span> <span class='ocrx_word' id='word_1_204' title='bbox 583 3238 629 3301; x_wconf 87' lang='lat' dir='ltr'><strong>nii</strong></span> <span class='ocrx_word' id='word_1_205' title='bbox 649 3239 710 3301; x_wconf 90' lang='lat' dir='ltr'><strong>nisi</strong></span> <span class='ocrx_word' id='word_1_206' title='bbox 730 3258 799 3302; x_wconf 89' lang='lat' dir='ltr'><strong>rem</strong></span> <span class='ocrx_word' id='word_1_207' title='bbox 821 3238 958 3327; x_wconf 87' lang='lat' dir='ltr'><strong>aliquam</strong></span> <span class='ocrx_word' id='word_1_208' title='bbox 980 3256 1105 3308; x_wconf 84' lang='lat' dir='ltr'><strong>exstare</strong></span> <span class='ocrx_word' id='word_1_209' title='bbox 1126 3247 1175 3309; x_wconf 92' lang='lat' dir='ltr'><strong>in·</strong></span> 
     </span>
     <span class='ocr_line' id='line_1_29' title="bbox 133 3340 1174 3427; baseline 0.002 -15"><span class='ocrx_word' id='word_1_210' title='bbox 133 3346 224 3413; x_wconf 85' lang='lat' dir='ltr'><strong>nuit?</strong></span> <span class='ocrx_word' id='word_1_211' title='bbox 247 3342 299 3409; x_wconf 67' lang='lat' dir='ltr'><strong>Ea</strong></span> <span class='ocrx_word' id='word_1_212' title='bbox 320 3354 442 3421; x_wconf 87' lang='lat' dir='ltr'><strong>autem,</strong></span> <span class='ocrx_word' id='word_1_213' title='bbox 465 3360 548 3427; x_wconf 87' lang='lat' dir='ltr'><strong>quae</strong></span> <span class='ocrx_word' id='word_1_214' title='bbox 567 3340 790 3424; x_wconf 86' lang='lat' dir='ltr'><strong>adposuimus,</strong></span> <span class='ocrx_word' id='word_1_215' title='bbox 819 3364 882 3406; x_wconf 88' lang='lat' dir='ltr'><strong>non</strong></span> <span class='ocrx_word' id='word_1_216' title='bbox 904 3346 1033 3409; x_wconf 88' lang='lat' dir='ltr'><strong>omnino</strong></span> <span class='ocrx_word' id='word_1_217' title='bbox 1054 3370 1072 3409; x_wconf 87' lang='lat' dir='ltr'><strong>a</strong></span> <span class='ocrx_word' id='word_1_218' title='bbox 1094 3366 1174 3415; x_wconf 87' lang='lat' dir='ltr'><strong>vero</strong></span> 
     </span>
     <span class='ocr_line' id='line_1_30' title="bbox 133 3441 1174 3536; baseline -0.001 -21"><span class='ocrx_word' id='word_1_219' title='bbox 133 3452 241 3515; x_wconf 79' lang='lat' dir='ltr'><strong>eliens·</strong></span> <span class='ocrx_word' id='word_1_220' title='bbox 255 3466 343 3525; x_wconf 86' lang='lat' dir='ltr'><strong>esse,</strong></span> <span class='ocrx_word' id='word_1_221' title='bbox 371 3442 447 3507; x_wconf 87' lang='lat' dir='ltr'><strong>inde</strong></span> <span class='ocrx_word' id='word_1_222' title='bbox 467 3441 640 3529; x_wconf 87' lang='lat' dir='ltr'><strong>praecipue</strong></span> <span class='ocrx_word' id='word_1_223' title='bbox 667 3443 797 3508; x_wconf 80' lang='lat' dir='ltr'><strong>ridetur</strong></span> <span class='ocrx_word' id='word_1_224' title='bbox 823 3448 998 3533; x_wconf 87' lang='lat' dir='ltr'><strong>adparere,</strong></span> <span class='ocrx_word' id='word_1_225' title='bbox 1031 3452 1117 3536; x_wconf 91' lang='lat' dir='ltr'><strong>quod</strong></span> <span class='ocrx_word' id='word_1_226' title='bbox 1139 3455 1174 3519; x_wconf 77' lang='lat' dir='ltr'><strong>in·</strong></span> 
     </span>
     <span class='ocr_line' id='line_1_31' title="bbox 133 3544 1173 3638; baseline -0.001 -18"><span class='ocrx_word' id='word_1_227' title='bbox 133 3550 279 3620; x_wconf 86' lang='lat' dir='ltr'><strong>omnibus</strong></span> <span class='ocrx_word' id='word_1_228' title='bbox 299 3547 415 3633; x_wconf 81' lang='lat' dir='ltr'><strong>linguis</strong></span> <span class='ocrx_word' id='word_1_229' title='bbox 437 3544 498 3607; x_wconf 81' lang='lat' dir='ltr'><strong>alia</strong></span> <span class='ocrx_word' id='word_1_230' title='bbox 518 3560 648 3630; x_wconf 87' lang='lat' dir='ltr'><strong>quoque</strong></span> <span class='ocrx_word' id='word_1_231' title='bbox 667 3548 784 3629; x_wconf 82' lang='lat' dir='ltr'><strong>rerba,</strong></span> <span class='ocrx_word' id='word_1_232' title='bbox 817 3572 879 3637; x_wconf 89' lang='lat' dir='ltr'><strong>qua</strong></span> <span class='ocrx_word' id='word_1_233' title='bbox 906 3549 947 3618; x_wconf 76' lang='lat' dir='ltr'><strong>ed</strong></span> <span class='ocrx_word' id='word_1_234' title='bbox 968 3572 1051 3638; x_wconf 84' lang='lat' dir='ltr'><strong>esse,</strong></span> <span class='ocrx_word' id='word_1_235' title='bbox 1083 3556 1173 3619; x_wconf 90' lang='lat' dir='ltr'><strong>adhi-</strong></span> 
     </span>
     <span class='ocr_line' id='line_1_32' title="bbox 131 3642 1184 3740; baseline -0.001 -18"><span class='ocrx_word' id='word_1_236' title='bbox 131 3660 249 3722; x_wconf 87' lang='lat' dir='ltr'><strong>bentur</strong></span> <span class='ocrx_word' id='word_1_237' title='bbox 267 3652 409 3729; x_wconf 79' lang='lat' dir='ltr'><strong>ratione,</strong></span> <span class='ocrx_word' id='word_1_238' title='bbox 428 3642 473 3711; x_wconf 87' lang='lat' dir='ltr'><strong>ita</strong></span> <span class='ocrx_word' id='word_1_239' title='bbox 493 3646 659 3730; x_wconf 82' lang='lat' dir='ltr'><strong>nimirum,</strong></span> <span class='ocrx_word' id='word_1_240' title='bbox 679 3661 715 3713; x_wconf 88' lang='lat' dir='ltr'><strong>nt</strong></span> <span class='ocrx_word' id='word_1_241' title='bbox 735 3648 885 3733; x_wconf 86' lang='lat' dir='ltr'><strong>actionis,</strong></span> <span class='ocrx_word' id='word_1_242' title='bbox 906 3655 1080 3740; x_wconf 87' lang='lat' dir='ltr'><strong>quaeipsis</strong></span> <span class='ocrx_word' id='word_1_243' title='bbox 1096 3658 1184 3721; x_wconf 72' lang='lat' dir='ltr'><strong>sois-&#39;²</strong></span> 
     </span>
     <span class='ocr_line' id='line_1_33' title="bbox 133 3749 1169 3845; baseline -0.002 -21"><span class='ocrx_word' id='word_1_244' title='bbox 133 3768 199 3839; x_wconf 88' lang='lat' dir='ltr'><strong>est,</strong></span> <span class='ocrx_word' id='word_1_245' title='bbox 219 3756 349 3821; x_wconf 85' lang='lat' dir='ltr'><strong>notione</strong></span> <span class='ocrx_word' id='word_1_246' title='bbox 370 3751 460 3838; x_wconf 83' lang='lat' dir='ltr'><strong>qussi</strong></span> <span class='ocrx_word' id='word_1_247' title='bbox 480 3749 664 3832; x_wconf 77' lang='lat' dir='ltr'><strong>obscurata,</strong></span> <span class='ocrx_word' id='word_1_248' title='bbox 687 3774 722 3816; x_wconf 89' lang='lat' dir='ltr'><strong>ea</strong></span> <span class='ocrx_word' id='word_1_249' title='bbox 740 3758 956 3819; x_wconf 87' lang='lat' dir='ltr'><strong>tantummodo</strong></span> <span class='ocrx_word' id='word_1_250' title='bbox 978 3758 1041 3820; x_wconf 86' lang='lat' dir='ltr'><strong>iilis</strong></span> <span class='ocrx_word' id='word_1_251' title='bbox 1062 3762 1169 3845; x_wconf 81' lang='lat' dir='ltr'><strong>expri-</strong></span> 
     </span>
     <span class='ocr_line' id='line_1_34' title="bbox 83 3852 1167 3943; baseline 0.003 -20"><span class='ocrx_word' id='word_1_252' title='bbox 83 3876 87 3883; x_wconf 83' lang='lat'><em>&#39;</em></span> <span class='ocrx_word' id='word_1_253' title='bbox 132 3872 255 3938; x_wconf 87' lang='lat' dir='ltr'><strong>mater,</strong></span> <span class='ocrx_word' id='word_1_254' title='bbox 289 3876 382 3943; x_wconf 88' lang='lat' dir='ltr'><strong>quam</strong></span> <span class='ocrx_word' id='word_1_255' title='bbox 404 3852 594 3919; x_wconf 76' lang='lat' dir='ltr'><strong>rerbo&#39;esse</strong></span> <span class='ocrx_word' id='word_1_256' title='bbox 621 3854 795 3919; x_wconf 85' lang='lat' dir='ltr'><strong>subiectam</strong></span> <span class='ocrx_word' id='word_1_257' title='bbox 824 3878 895 3921; x_wconf 90' lang='lat' dir='ltr'><strong>esse</strong></span> <span class='ocrx_word' id='word_1_258' title='bbox 923 3857 1167 3926; x_wconf 76' lang='lat' dir='ltr'><strong>adfirmavimus.</strong></span> 
     </span>
     <span class='ocr_line' id='line_1_35' title="bbox 131 3954 1167 4049; baseline 0.011 -25"><span class='ocrx_word' id='word_1_259' title='bbox 131 3964 206 4025; x_wconf 84' lang='lat' dir='ltr'><strong>Huc</strong></span> <span class='ocrx_word' id='word_1_260' title='bbox 224 3958 389 4047; x_wconf 73' lang='lat' dir='ltr'><strong>pertinent</strong></span> <span class='ocrx_word' id='word_1_261' title='bbox 403 3954 436 4020; x_wconf 89' lang='lat' dir='ltr'><strong>in</strong></span> <span class='ocrx_word' id='word_1_262' title='bbox 452 3954 559 4041; x_wconf 84' lang='lat' dir='ltr'><strong>lingua</strong></span> <span class='ocrx_word' id='word_1_263' title='bbox 578 3959 701 4022; x_wconf 86' lang='lat' dir='ltr'><strong>Graeca</strong></span> <span class='ocrx_word' id='word_1_264' title='bbox 720 3959 819 4023; x_wconf 74' lang='lat' dir='ltr'><strong>rerba</strong></span> <span class='ocrx_word' id='word_1_265' title='bbox 840 3964 1018 4046; x_wconf 87' lang='lat' dir='ltr'><strong>sequentia:</strong></span> <span class='ocrx_word' id='word_1_266' title='bbox 1043 3964 1167 4049; x_wconf 64' lang='lat' dir='ltr'><strong>iguem·</strong></span> 
     </span>
     <span class='ocr_line' id='line_1_36' title="bbox 229 4044 1047 4153; baseline 0.004 -23"><span class='ocrx_word' id='word_1_267' title='bbox 229 4062 286 4135; x_wconf 75' lang='lat' dir='ltr'><strong>‘sie</strong></span> <span class='ocrx_word' id='word_1_268' title='bbox 306 4047 351 4126; x_wconf 80' lang='lat' dir='ltr'><strong>ad</strong></span> <span class='ocrx_word' id='word_1_269' title='bbox 371 4059 450 4153; x_wconf 72' lang='grc' dir='ltr'><strong>παρ’</strong></span> <span class='ocrx_word' id='word_1_270' title='bbox 470 4054 608 4153; x_wconf 74' lang='lat' dir='ltr'><strong>s&#39;s&#39;vrposs</strong></span> <span class='ocrx_word' id='word_1_271' title='bbox 625 4054 783 4153; x_wconf 68' lang='grc' dir='ltr'><strong>θόρυβος</strong></span> <span class='ocrx_word' id='word_1_272' title='bbox 804 4044 916 4145; x_wconf 53' lang='lat' dir='ltr'><strong>icarus</strong></span> <span class='ocrx_word' id='word_1_273' title='bbox 936 4067 1047 4153; x_wconf 62' lang='lat' dir='ltr'><strong>deice</strong></span> 
     </span>
     <span class='ocr_line' id='line_1_37' title="bbox 665 4156 1144 4249; baseline 0.042 -23"><span class='ocrx_word' id='word_1_274' title='bbox 665 4164 817 4249; x_wconf 78' lang='lat' dir='ltr'><strong>Sophoel.</strong></span> <span class='ocrx_word' id='word_1_275' title='bbox 838 4156 975 4232; x_wconf 73' lang='lat' dir='ltr'><strong>rideat.</strong></span> <span class='ocrx_word' id='word_1_276' title='bbox 997 4190 1028 4236; x_wconf 82' lang='lat' dir='ltr'><strong>r·</strong></span> <span class='ocrx_word' id='word_1_277' title='bbox 1050 4172 1144 4246; x_wconf 73' lang='lat'>1258:</span> 
     </span>
    </p>
   </div>
   <div class='ocr_carea' id='block_1_5' title="bbox 0 0 1312 4814">
    <p class='ocr_par' dir='ltr' id='par_1_5' title="bbox 0 0 1312 4814">
     <span class='ocr_line' id='line_1_38' title="bbox 0 0 1312 4814; baseline 0 4"><span class='ocrx_word' id='word_1_278' title='bbox 0 0 1312 4814; x_wconf 95' lang='lat' dir='ltr'><strong> </strong></span> 
     </span>
    </p>
   </div>
  </div>
 </body>
</html>
