2616 4814
155 397 210 458 228
502 403 539 458 X.
571 403 854 475 &semitractatam

161 570 284 636 obtinet
304 564 406 655 (quod
426 567 461 629 in
481 546 659 632 orationem
678 566 863 630 historicam
882 565 1066 651 saepissime
1081 564 1200 628 cadara

160 673 243 736 inter
269 691 378 734 omncs
406 682 548 752 constat,
578 669 635 732 ubi
656 683 759 734 tamen
780 669 939 753 praesenti
968 687 1097 753 quoquc
1117 680 1199 729 tam·

161 775 235 860 pori
263 774 352 837 locus
380 776 461 857 ast),
491 787 525 838 et
550 774 684 854 dsinda,
716 771 744 834 si
770 772 811 835 dc
837 791 875 835 rs
904 770 1028 855 agitur,
1060 789 1142 854 quaa
1163 779 1202 831 ut

162 877 380 940 tantummodo
401 877 538 960 cogitata
559 873 705 952 effertur,
725 893 883 959 quamquo
902 886 1051 935 eventum
1065 891 1129 933 non
1144 869 1200 932 ha-

163 976 301 1041 bituram
322 999 402 1058 csse,
423 1000 463 1041 sx
486 990 636 1041 contextu
657 976 807 1060 adparet,
827 976 884 1038 ubi
905 977 938 1037 in
953 974 1122 1039 vernacula
1141 973 1204 1034 lin·

164 1098 225 1162 gua
245 1079 436 1165 plerumque
456 1079 497 1147 ri
518 1089 654 1164 maome,
674 1087 805 1162 tanate,
827 1076 866 1139 ad
888 1076 1075 1140 sententiam
1095 1076 1205 1159 expri-

137 1184 142 1192 '
164 1180 308 1245 mandam
330 1180 515 1244 adhibeturr
556 1193 725 1266 praeterea
745 1199 825 1244 vero
847 1191 914 1240 tum
935 1178 1112 1258 interdum,
1141 1196 1204 1239 nac

164 1294 238 1366 pust
255 1301 404 1365 praesens
424 1282 545 1361 solum,
567 1280 624 1345 ssd
646 1281 740 1344 etiam
758 1279 1003 1366 postfuturum,
1023 1279 1204 1342 invenimus

165 1382 387 1468 imperiectum
406 1396 612 1468 usurpatum,
643 1382 671 1444 si
692 1383 770 1468 quid
792 1383 938 1474 ἂορίςως
966 1382 1020 1446 val
1040 1382 1084 1444 ita
1105 1401 1206 1442 enun-

166 1484 306 1547 tiandum
325 1497 411 1564 erat,
431 1498 468 1548 ut
488 1484 528 1546 ad
548 1496 674 1566 tompus
695 1506 824 1571 quoque
844 1485 1052 1569 praeteritum
1072 1481 1205 1544 omuino

165 1583 202 1648 id
222 1604 290 1648 assa
310 1584 517 1650 referendum
539 1583 772 1667 declararetur,
791 1586 1001 1671 scriptorisvs
1019 1585 1119 1648 menti
1132 1605 1207 1647 sar·

166 1686 339 1751 tertiarum
359 1707 444 1750 nexu
462 1706 635 1770 rerumque
655 1686 719 1748 illis
750 1688 1099 1753 subiectarummatura
1117 1686 1206 1748 iliius

166 1788 320 1873 temporit
340 1788 429 1851 notio
452 1787 542 1873 quasi
563 1786 802 1851 obtrudebatur.
854 1790 919 1868 Es,
946 1808 1028 1874 quas
1054 1787 1207 1872 adposui·

168 1908 257 1968 mut,
285 1908 403 1952 avaro
424 1909 489 1952 non
511 1887 681 1968 aberrare,
712 1890 866 1976 exemplis
886 1891 950 1953 iam
975 1889 1207 1973 subiungendis

168 1987 312 2051 dabimus
343 1989 595 2074 comprobatum.
648 1992 815 2071 snmus,
847 2005 919 2055 urta
947 1991 1000 2054 dis
1030 2004 1064 2055 st
1091 2003 1208 2056 vocata

168 2091 341 2171 concione,
369 2088 558 2177 quamquam
577 2088 666 2154 rudis
686 2091 828 2172 dicendi,
861 2093 1026 2158 nobilitate
1054 2093 1206 2178 ingenita,

168 2190 292 2256 incusat
310 2192 439 2278 priora,
459 2192 576 2278 probat
595 2195 795 2278 praesentia:
824 2209 964 2278 ceput,
984 2218 1019 2260 aa
1038 2207 1155 2259 terrore
1175 2205 1208 2260 et

168 2301 263 2359 misia
289 2303 389 2361 cinci:
415 2301 519 2376 [lecca
544 2305 587 2360 ad
604 2306 785 2362 cwdsstr'am
804 2307 970 2382 strideat,
998 2306 1028 2362 ti
1053 2306 1208 2379 supplices

168 2404 292 2479 arm,
310 2405 498 2478 mercum
513 2407 616 2482 pam,
635 2410 673 2463 ut
682 2406 826 2479 placatas
840 2408 992 2479 lectarum
1006 2420 1116 2480 preces
1136 2422 1205 2463 aar·

169 2504 351 2577 ciperet:
371 2495 471 2560 Tacit.
492 2498 575 2559 Aur.
595 2498 629 2576 1,
649 2500 701 2569 29.
740 2500 898 2584 Legitima
916 2498 1018 2578 ratio,
1039 2497 1143 2583 iuquit
1158 2511 1206 2561 ta·

168 2613 244 2658 msa
262 2595 427 2660 Ernestius
446 2596 479 2659 ia
500 2608 575 2661 ncta
594 2597 670 2662 huic
691 2599 765 2662 loco
786 2599 948 2684 adposita,¹
982 2599 1123 2685 postulat
1141 2622 1206 2665 sat·

168 2702 281 2781 clptat,
300 2709 333 2760 at
351 2697 399 2761 sic
410 2699 556 2762 Tacitum
574 2699 701 2763 daditss
721 2701 830 2765 credo.
870 2702 1042 2786 Vulgatum
1063 2713 1111 2763 cst
1130 2723 1148 2762 a
1167 2701 1206 2763 li·

168 2794 278 2889 ltrario
297 2799 542 2884 Langobardico
562 2801 617 2866 val
637 2802 880 2888 garmanizante.
913 2840 955 2852 -
987 2803 1110 2893 Quibus
1131 2823 1207 2867 var

168 2898 218 2964 bis
238 2899 317 2964 hacc
335 2901 425 2965 addit
445 2900 638 2967 Obarlinust
661 2907 733 2968 Hoc
753 2904 871 2990 probat
890 2904 990 2968 Crcll.
1032 2902 1127 2965 Haud
1147 2903 1207 2965 du·

168 3000 224 3066 bis
241 3001 335 3066 nimis
354 3002 493 3067 insolam
513 3004 547 3067 h.
566 3006 589 3069 l.
610 3006 739 3071 videtur
758 3007 999 3093 imperfectum
1019 3027 1083 3069 non
1099 3019 1207 3069 tamen

138 3188 144 3199 Ι
169 3101 212 3167 ad
229 3104 333 3167 Taciti
351 3119 500 3169 mantem.
520 3141 562 3157 -
583 3109 729 3193 altaque,
748 3132 790 3175 aaa
810 3108 917 3171 subito
937 3128 979 3170 ax
1000 3107 1136 3171 collibus
1150 3107 1206 3171 do·

126 3236 129 3241 ·
169 3224 266 3272 cursu
284 3208 482 3275 Albanorum
501 3220 779 3282 mtsrrtudarsatur
797 3208 837 3270 ab
858 3207 996 3293 oppido,
1020 3220 1110 3293 targa
1128 3232 1205 3276 css·-

169 3320 266 3375 Μαι
287 3310 358 3374 Lis.
377 3312 409 3391 1,
428 3316 479 3384 97.
506 3350 548 3362 -
578 3320 643 3382 »Ut
660 3312 786 3373 ianuam
804 3320 997 3396 clament,
1029 3323 1061 3374 et
1080 3309 1143 3394 ipsi
1161 3310 1204 3373 ad

168 3408 255 3474 iares
276 3421 475 3499 astuterunt,
493 3424 651 3496 insperata
672 3414 739 3477 Cic.
761 3416 855 3481 Vsrr.
875 3418 905 3484 2.
932 3447 974 3461 -
1003 3411 1110 3474 »Nihil
1128 3410 1206 3475 rali-

169 3512 383 3599 quistatim,
401 3537 461 3597 aaa
479 3527 585 3584 miras
603 3516 774 3595 invidiam,
803 3514 1071 3593 misericordiam,
1099 3526 1204 3577 matus

168 3626 202 3677 et
214 3614 277 3679 irat
288 3632 528 3700 promoverant«
550 3623 626 3684 Tac.
638 3620 720 3683 Ann.
737 3619 768 3699 1,
784 3623 835 3688 21.
855 3654 897 3666 -
918 3616 1097 3701 »Equitem
1118 3614 1204 3678 clara

167 3715 333 3802 increpans
353 3740 453 3802 voca,
472 3734 510 3786 ut
525 3719 634 3786 hostes
649 3730 850 3804 armarent,
869 3718 977 3782 redire
996 3717 1029 3780 in
1043 3716 1203 3802 proelium

167 3823 258 3883 ittet.
277 3853 319 3869 --
338 3821 425 3885 Idam
444 3832 593 3909 imperat,
613 3840 652 3891 ua
664 3825 766 3885 hastas
783 3821 906 3906 equitas
926 3820 1051 3902 erigere
1071 3826 1200 3885 intecta

54 4008 58 4014 Ι
167 3914 239 3980 Liv·
259 3919 292 3999 Ι,
310 3922 362 3993 27.
389 3957 431 3973 ·-
462 3927 562 3988 »Nam
581 3926 660 4010 quid
676 3927 839 4005 profitetur
859 3919 1108 4006 (philosophia),
1125 3942 1201 4003 par-

165 4022 320 4094 fartim
338 4042 393 4103 sc,
422 4025 477 4109 qui
497 4025 621 4109 legibus
642 4025 706 4086 suis
726 4022 901 4109 paruisset,
928 4034 966 4087 at
990 4032 1199 4086 anacastra

169 4115 326 4183 torturam
345 4136 501 4207 armatus,
519 4140 559 4197 at
577 4125 686 4211 omnia,
695 4121 855 4213 praesidia
869 4130 996 4192 taceret
1016 4122 1048 4187 in
1065 4142 1100 4187 sc
1115 4120 1198 4185 bars

68 4404 190 4532 Q
