2616 4814
125 385 178 442 tlt
313 366 317 373 ⁵
473 384 509 437 X.
546 383 829 455 &suprapositam

127 560 216 636 prior
235 563 319 617 undo
347 563 379 613 ct
403 557 553 632 populm,
585 556 797 631 persequitur
824 545 921 630 igitur
940 568 1004 611 non
1025 548 1065 612 sd
1086 558 1175 617 lectt-

63 692 70 715 .
131 673 202 717 cuns
221 650 389 715 referenda
412 662 505 731 sunt,
534 648 592 711 sed
613 649 720 734 potius
741 649 781 710 ad
799 668 956 732 pauperes
975 658 1104 732 peditus
1123 663 1177 718 in-

133 763 290 837 macutes,
325 773 405 837 quos
426 772 491 816 non
512 750 616 812 solum
635 747 733 813 'turba
752 749 840 834 ipsos
861 751 1051 813 antecedens
1073 772 1177 815 mors·

133 850 245 929 batur,
273 852 330 915 sed
349 854 488 938 populus
519 873 648 938 quoque
670 872 726 914 eos
747 870 901 936 sequens,
931 873 1046 937 quem,
1074 873 1115 916 ne
1136 854 1177 915 ab

134 953 321 1017 instantibus
343 955 596 1042 urgentibusque
617 956 841 1035 laederentur,
869 976 998 1042 semper
1020 955 1179 1023 debebant

22 1126 25 1135 ¹
134 1056 315 1144 respicere,
336 1059 528 1125 retardabat.
1002 1050 1005 1057 ’

217 1265 252 1346 7)
293 1266 443 1331 renotat.
473 1265 514 1328 aa
542 1263 681 1329 ravenas.
703 1244 804 1327 saue
820 1263 883 1344 vr,
904 1262 966 1333 542
987 1266 1104 1350 ηψπ)
1138 1303 1181 1316 .-

136 1365 182 1428 Hi
201 1385 330 1448 versus,
353 1368 468 1454 quibus
488 1380 584 1454 poeta
601 1366 861 1453 superstitionem
879 1367 1049 1431 mulierum
1063 1371 1180 1432 Roma·

136 1488 250 1533 narum
269 1472 474 1557 perstringit,
507 1491 588 1556 quae
609 1470 796 1533 Indaesrum
829 1468 924 1531 etiam
949 1472 1181 1535 vaticinationi-

138 1567 200 1631 bus
229 1593 321 1634 aures
346 1573 538 1658 praebeant,
571 1572 605 1634 in
624 1569 762 1655 Ruperti
784 1569 924 1634 editione
956 1569 1000 1634 ita
1029 1573 1182 1658 exscripti

139 1684 229 1734 sunt:

177 1774 290 1871 'Quum
310 1776 399 1840 dedit
419 1776 475 1838 ille
498 1774 603 1860 (Isidis
625 1773 790 1857 sacerdus)
812 1773 940 1853 locum,
960 1773 1099 1860 cophino
1113 1771 1182 1839 ioe-

846 1870 954 1959 n'cque
974 1876 1101 1958 relicto,
1120 1918 1124 1926 ι

180 1978 338 2043 Arcenam
357 1978 473 2043 Iudaea
494 1990 635 2043 tremens
661 1977 822 2043 mendicat
843 1976 875 2039 in
897 1997 1017 2056 aurem,

180 2079 344 2164 Interpres
366 2081 473 2166 legum
496 2081 715 2164 Solymarum,
738 2092 771 2143 et
789 2100 903 2163 magna
923 2072 1072 2143 ssc‘erdos

181 2179 336 2263 Arboris,
357 2203 395 2245 ac
416 2182 531 2245 summi
551 2181 614 2245 lida
636 2181 827 2244 internuntia
851 2180 950 2261 coeli,

180 2281 296 2367 Implet
317 2297 350 2348 ct
370 2285 425 2346 illa
445 2307 590 2363 manum,
613 2286 670 2347 sed
692 2284 820 2369 parcius
843 2305 918 2346 aere
939 2284 1070 2348 minute.

182 2384 423 2476 Qualiscumque
445 2387 534 2450 voles
556 2388 665 2449 ludaei
685 2389 806 2448 somnia
828 2387 979 2453 venduut.

224 2488 349 2551 Ultimis
368 2509 447 2552 vero
470 2489 594 2552 duobus
616 2489 764 2554 versibus
786 2489 867 2551 bssc
888 2488 993 2551 addita
1016 2504 1066 2555 est
1083 2494 1185 2577 cx'pli·

142 2589 244 2677 catio}
268 2600 396 2673 »Implet
417 2605 448 2658 et
464 2602 518 2659 illu
538 2592 653 2654 Iudaea
669 2613 693 2654 s.
712 2592 860 2655 sacerdos
876 2591 938 2653 sibi
950 2615 1077 2660 omnum
1092 2618 1186 2680 prae·

142 2690 278 2756 dicendo
299 2691 422 2773 future,
443 2704 499 2759 sed
514 2705 643 2776 porcius
664 2715 759 2780 quam
780 2714 890 2757 manus
912 2695 1113 2757 sacerdotum
1130 2698 1185 2759 lsi·

142 2794 210 2875 dis,
232 2808 264 2858 et
283 2797 366 2859 clem
387 2797 464 2881 (leg.
486 2797 604 2881 procul
618 2796 728 2874 dubio,
751 2820 844 2879 qnam
857 2807 1006 2863 ‘sacerdos
1024 2807 1118 2864 Isidis
1139 2820 1184 2863 sc.

143 2896 207 2960 sibi
224 2919 349 2963 manum
371 2898 497 2983 implet)
519 2909 745 2982 corentinum,
775 2897 983 2976 tridentibus,
1003 2898 1186 2983 quadranti-

127 2998 213 3062 ·bus.
262 3000 405 3062 Fallaces
427 3020 505 3061 vero
534 2999 644 3062 Iudaei
666 3019 727 3084 pro
752 2998 903 3061 mercede
932 2997 971 3061 ad
993 2999 1184 3064 consulentis

143 3114 256 3168 votum
282 3115 315 3165 et
342 3103 463 3165 somnia
492 3102 628 3165 aliorum
650 3102 919 3186 interpretantur,
953 3112 986 3162 ct
1014 3122 1095 3188 quae
1123 3102 1187 3189 ipsi

143 3201 370 3267 somniaverint
391 3201 602 3286 confingunt«
631 3239 673 3251 -
699 3205 744 3265 At
764 3222 839 3265 sane
860 3199 923 3263 hoc
944 3200 1019 3265 loco
1041 3201 1081 3266 de
1102 3225 1185 3267 som·

143 3292 205 3368 niis
224 3305 358 3390 proprie
378 3306 430 3369 sic
446 3306 538 3370 dictis
558 3326 619 3369 nec
640 3325 745 3368 sermo
767 3317 826 3383 est,
848 3324 953 3393 neque
975 3325 1045 3368 esse
1060 3321 1184 3390 potest:

144 3407 261 3495 quodsi
289 3408 372 3470 enim
400 3429 528 3495 qnoque
554 3408 774 3487 inveniantur,
814 3406 870 3492 qui
897 3428 960 3470 non
990 3408 1092 3471 solum
1120 3412 1185 3475 suis
1251 3462 1255 3467 .

144 3512 304 3599 propriis,
336 3511 393 3575 sed
414 3533 526 3593 eorum
547 3512 660 3591 etism,
693 3511 882 3600 quibuscum
913 3511 965 3575 vel
986 3512 1185 3597 cognatione,

144 3614 200 3679 rel
218 3614 387 3696 affinitate,
418 3615 471 3680 vel
500 3613 636 3678 amicitia
662 3614 822 3679 coniuncti
850 3626 939 3693 sunt,
969 3615 1098 3679 somniis
1120 3616 1185 3683 iata

145 3724 202 3781 sits
221 3717 426 3803 praemoneri
447 3717 597 3795 credent,
620 3717 864 3804 haudquaquam
887 3730 991 3781 tamen
1012 3718 1185 3785 verisimile

145 3833 211 3899 est,
238 3842 387 3907 umquam
415 3818 531 3901 fuisse,
559 3820 615 3908 qui
635 3819 798 3909 hominum
825 3839 891 3883 non
917 3820 1021 3881 solum
1049 3842 1183 3905 prorsus

146 3921 208 3985 sibi
228 3922 426 4007 ignotorum,
455 3922 512 3985 sed
540 3935 604 3987 tum
633 3921 831 3987 abiecturum
859 3920 982 3986 somnia
1009 3921 1183 4009 quidquam

147 4057 365 4083 ——s-

214 4136 246 4202 1)
264 4134 326 4191 vit.
344 4135 403 4190 lntl.
423 4135 500 4192 beet.
518 4152 562 4193 sn.
578 4134 789 4193 ttuccctttV.
890 4182 893 4187 .

80 4442 218 4528 s·
