2616 4814
446 396 549 443 nutura
565 404 673 459 magus,
687 388 883 443 emmeno.
1136 386 1188 443 1st

152 549 243 614 verbi
265 565 424 639 naturam3
446 554 519 638 ideo
541 552 714 621 verborum
735 550 929 615 adtributum
950 571 1013 614 non
1035 562 1100 630 est3
1126 551 1182 613 sed

125 726 130 734 ⁸
149 655 326 739 explicatur
345 656 541 742 frequentius
562 638 621 740 per
643 676 753 718 casum.
769 667 911 735 sextum,
932 667 968 717 ut
981 678 1050 721 meo
1067 669 1181 743 sponte,

148 768 199 819 tuo
220 767 311 823 iussu
324 767 407 843 βοαὶ)
439 779 502 821 uon
531 780 605 821 raso
634 779 693 842 per
714 757 884 834 adverbia,
913 770 949 821 ut
975 767 1054 825 male
1073 769 1182 842 emit,

147 865 220 922 bene
238 869 381 941 loquitur.
422 865 558 925 Etcum
580 847 768 923 Aristoteles
789 858 972 951 demodis,
998 879 1055 922 seu
1075 861 1181 923 moda·

146 957 247 1045 libus,
277 961 437 1045 disputat,
475 971 706 1046 Continaenter,
736 972 927 1046 necessario,
955 984 1013 1043 per
1040 972 1182 1027 meatem

145 1073 261 1151 currit,
280 1060 378 1148 saepe
400 1065 505 1129 dicit«
548 1066 641 1155 Haud
653 1086 728 1126 sune
743 1065 901 1147 explicatu
917 1061 1011 1126 facile
1025 1076 1083 1141 est,
1104 1063 1183 1148 quid

147 1162 194 1223 bis
214 1165 332 1232 ultimis
353 1167 460 1229 verbis
481 1166 660 1250 significare
684 1167 823 1229 voluerit
844 1167 1008 1246 Sanctius,
1030 1167 1092 1226 nisi
1113 1186 1181 1233 cre,-

146 1267 273 1347 damus,
305 1267 393 1330 illum
414 1270 528 1353 agendi
549 1269 704 1331 rationem
725 1289 891 1331 causamve
914 1288 986 1330 cum
1007 1269 1182 1331 verborum

144 1368 247 1430 modis
268 1369 448 1434 confudisse
464 1374 515 1453 ι);
550 1392 623 1433 eum
643 1385 748 1433 autem
769 1394 786 1433 a
808 1354 886 1432 vero
908 1370 1091 1447 aberrasse,
1114 1389 1181 1433 mo·

144 1467 200 1529 dos
225 1492 320 1554 quum
343 1473 504 1536 contendit
534 1474 610 1535 nibil
639 1473 678 1534 ad
706 1473 805 1536 verbs
832 1473 1016 1556 pertinere,
1050 1470 1180 1535 Perizo-

104 1623 106 1627 ,
144 1571 212 1631 nius
240 1573 385 1656 pluribus
415 1576 582 1637 ostendere
604 1589 652 1637 est
673 1592 823 1655 conatus,
855 1574 928 1637 illos
951 1573 1064 1641 eodem
1086 1573 1180 1655 plane

142 1673 238 1746 modo
260 1674 292 1736 in
315 1677 419 1741 verbis
441 1700 476 1741 se
497 1677 615 1741 babere
637 1668 786 1755 cerasens,
820 1696 885 1760 quo
908 1697 997 1760 casus
1020 1675 1053 1737 in
1080 1677 1180 1737 nomi·

143 1775 243 1836 nibus.
286 1779 451 1861 »Utrique,
473 1780 574 1862 inquit
596 1780 743 1839 nimirum
765 1778 818 1839 bic
839 1778 1060 1859 grammaticus
1075 1780 1119 1860 2),
1141 1777 1180 1839 ab

100 1868 103 1873 ’
142 1875 195 1935 illa
218 1877 471 1941 terminationum
486 1879 617 1943 diversa
638 1879 743 1941 forma
764 1899 880 1941 nomen
901 1900 993 1944 suum
1013 1897 1180 1966 accepere,

142 1990 175 2039 ut
205 1979 252 2039 illi
282 1978 427 2042 dicantur
454 1981 708 2043 terminationum
739 1980 820 2041 varii
850 2003 959 2065 casus,
992 1979 1026 2040 hi
1054 1976 1198 2047 acedia!

140 2080 278 2164 huicque
311 2085 484 2145 sentcntiae
516 2083 742 2147 convenienter
775 2081 861 2142 haud
892 2081 935 2143 ita
966 2081 1066 2142 multo
1096 2095 1181 2163 post,

141 2183 326 2265 modorum,
358 2184 472 2264 docet,
504 2186 535 2247 in
558 2185 665 2247 verbis
686 2182 931 2268 adpellatiouem
959 2183 999 2244 ad
1020 2183 1179 2246 variarum

141 2286 396 2349 terminationem
427 2287 556 2353 diuerso
587 2287 683 2349 modo
717 2285 851 2349 diversis
882 2285 1116 2351 elocutionibus
1147 2299 1181 2349 et

141 2389 427 2452 constructionibus
442 2389 647 2473 optandarum
661 2388 816 2451 rationem
831 2385 957 2449 referri.
1000 2386 1091 2481 Quae
1104 2407 1180 2450 sanc

140 2491 282 2574 quamvis
311 2493 353 2554 ita
383 2507 563 2575 comparata
592 2493 671 2578 sint,
705 2490 849 2555 utnullo
872 2488 969 2552 modo
999 2489 1180 2574 impugnari

139 2593 275 2675 possint:
297 2630 338 2641 -
360 2595 624 2676 quemadmodum
646 2593 729 2654 enim
751 2592 824 2653 illae
844 2591 988 2675 linguae,
1009 2590 1043 2651 in
1063 2591 1178 2677 quibus

140 2691 332 2753 substantiva
361 2694 569 2777 reliquaeque
597 2694 748 2775 orationis
778 2706 904 2778 partes,
945 2713 1026 2779 quae
1054 2693 1178 2757 casibus
1249 2762 1256 2777 ¹

129 2790 292 2854 declinari
312 2807 446 2874 possunt
466 2814 503 2855 ac
524 2794 642 2871 solent,
662 2816 726 2855 non
747 2793 966 2872 inflectuntur,
985 2792 1109 2857 casibus
1126 2815 1179 2881 ca·¹

90 2914 94 2931 ·
139 2908 228 2970 rent,
269 2894 310 2956 ita
341 2915 470 2978 quoque
497 2894 585 2981 modi
612 2916 675 2957 nou
700 2907 860 2961 exstarent
884 2895 923 2965 jn
950 2895 1009 2975 iis,
1044 2916 1177 2979 quarum

140 2995 246 3069 Verba
268 2997 362 3058 nullis
386 2997 488 3059 exitus
507 2996 731 3073 mutationibus
755 3009 860 3059 essent
881 2994 1035 3058 obnoxia:
1060 3031 1101 3043 -—
1132 3009 1181 3075 ιιι,

57 3087 63 3097 ’
139 3119 211 3160 rnen
233 3099 366 3160 multum
389 3098 496 3177 abest,
529 3113 564 3161 ut
583 3099 755 3175 modorum¹
780 3112 924 3163 naturam
954 3097 1018 3161 illis
1039 3096 1176 3182 explica·

139 3213 202 3263 tam
224 3222 291 3263 esse
314 3202 505 3263 arbitremur
528 3201 791 3286 declaratumque.
842 3201 899 3263 Illa
921 3200 1006 3283 enim
1028 3201 1174 3264 termina·

139 3303 260 3365 tionum
283 3305 413 3365 mutatio
434 3317 529 3387 atque
548 3303 687 3365 indidem
709 3303 862 3373 exsistens
883 3302 1059 3367 formarum
1083 3303 1175 3366 verbi

140 3404 309 3472 diversitas.
332 3417 454 3491 tantum
483 3404 589 3491 abest,
618 3418 654 3468 ut
681 3386 792 3467 modis
805 3405 1004 3472 solummodo
1025 3386 1177 3471 inserviat
1243 3392 1247 3401 ’

140 3506 381 3587 constituendis,
402 3518 437 3568 ut
457 3508 553 3569 etiam
571 3507 697 3571 diversa
719 3520 882 3592 tempora,
910 3509 1078 3594 omniaque
1099 3505 1172 3567 reli-

206 3719 238 3788 1)
262 3720 309 3773 lta
328 3715 490 3772 Perizonius
515 3734 627 3786 quoque
645 3719 715 3773 baec
732 3720 943 3789 interpretanda
962 3717 1086 3784 comsit,
1112 3735 1172 3773 mo-

139 3825 221 3878 nens,
238 3809 384 3862 modorum
400 3807 429 3859 in
449 3807 543 3860 verbis
560 3808 777 3877 adpellutiuuem
792 3809 869 3861 baud
887 3809 923 3861 ad
941 3806 1171 3877 significationem

139 3899 257 3966 referri,
284 3905 317 3961 ut
336 3916 386 3968 pes·
403 3914 451 3953 eus
466 3898 659 3970 significetur,
686 3906 742 3969 quo
760 3900 841 3953 morlo
861 3897 1000 3966 quidque,
1026 3900 1101 3967 quot
1114 3899 1172 3955 stn-

140 3987 215 4060 gulis
234 3989 328 4043 vorbis
347 3989 511 4063 denotabis,
535 3990 643 4045 lactum
660 3989 715 4043 ult:
741 3990 768 4041 id
787 3987 860 4053 cuim
878 4004 929 4056 per
945 3989 1096 4054 adverbia,
1122 3993 1170 4047 vol

140 4077 225 4132 etium
240 4095 292 4147 Per
309 4084 418 4133 sextum
437 4066 531 4133 aarum
547 4079 688 4132 nominum
708 4076 839 4146 explicari
860 4077 970 4133 debere.

206 4167 237 4236 2)
254 4170 288 4222 sd
307 4168 399 4224 Sunct
417 4168 538 4225 Minore.
555 4170 618 4224 Vol.
635 4171 658 4223 1.
677 4187 703 4239 p.
721 4166 782 4231 106.
896 4154 899 4159 ’
