2616 4814
459 410 490 448 er
505 396 703 465 prensionem
721 396 776 449 ind.
794 397 854 449 leot.
1127 396 1182 453 M

146 560 268 623 tinebat
288 572 452 647 potentem¹
466 573 499 623 at
518 580 598 623 vero
619 582 717 645 quum
737 556 876 625 iudicem
897 560 989 626 daret
1009 574 1105 649 atque
1125 586 1178 629 rea

123 662 293 748 'bonaque
314 662 494 742 addiceret,
515 663 546 724 id
569 684 629 746 pro
651 663 786 748 imperio
803 664 1157 749 lecissepntandnaest.
1251 652 1254 657 ¹

227 769 349 835 Verum
371 766 457 829 enim
478 786 558 830 vero
581 766 692 828 'ancfio
722 772 939 849 semper'erat
957 767 1099 831 venditio
1119 792 1178 853 pu-

144 869 246 944 blica,
269 889 350 952 quae
370 866 457 945 basta
478 866 582 950 posita
601 887 662 950 per
674 887 864 949 praeconem
877 867 991 947 fiebat,
1013 869 1055 932 ita
1072 884 1108 933 nt
1124 893 1177 934 res

144 971 175 1033 ei
203 969 363 1031 subiectae
390 968 564 1051 plurimum
589 967 781 1030 licitantibus
808 970 1031 1053 amagistratu
1052 972 1178 1037 addice·

143 1073 312 1153 rentur1).
363 1073 453 1132 Haec
474 1070 572 1155 igitur
596 1069 733 1131 addictio
756 1091 853 1155 quum
874 1092 938 1134 non
959 1073 1018 1135 nisi
1039 1073 1177 1159 imperii,

143 1194 209 1258 quo
229 1173 427 1256 magistratus
449 1172 504 1234 ille
526 1182 654 1233 ornatus
676 1184 763 1251 erat,
797 1173 829 1259 yi
849 1172 958 1253 lieret,
991 1175 1053 1238 iam
1083 1178 1177 1261 adpa-

140 1290 212 1355 ret,
243 1274 305 1339 boc
323 1276 427 1359 ipsum
448 1274 617 1357 imperium
636 1295 655 1335 a
675 1274 804 1337 Tibullo
825 1276 962 1360 respici,
992 1300 1091 1362 quum
1119 1280 1177 1342 boa

140 1401 256 1443 norum
275 1394 482 1464 paternorum
503 1379 656 1443 auctionis
684 1376 756 1461 lege
780 1377 1021 1443 vendendorum
1042 1382 1176 1445 consilio
1237 1424 1241 1431 -

140 1496 234 1568 capto
256 1483 349 1564 dicit,

93 1593 95 1597 '
262 1588 310 1648 lte
330 1584 389 1649 snb
411 1585 581 1671 imperium
601 1581 659 1649 sub
680 1582 888 1669 titulumque,
907 1582 1026 1647 Lares!

219 1691 317 1751 Hasta
339 1701 443 1751 autem
464 1709 563 1772 quum
583 1687 616 1748 in
636 1686 834 1749 auctionibus
855 1700 1051 1770 poneretur,
1081 1686 1176 1770 eique

139 1791 348 1855 venundanda
368 1790 621 1861 subiicerentur,
640 1799 813 1870 propterea
834 1789 922 1870 quod
943 1788 1027 1870 ipsa,
1049 1790 1174 1873 quoties

137 1897 260 1955 Romae
287 1911 361 1975 pars
390 1890 494 1975 aliqua
523 1888 650 1971 imperii
679 1901 733 1950 aut
758 1888 1006 1968 iurisdictionis,
1040 1889 1121 1951 adeo
1142 1904 1177 1955 et

103 1976 111 1988 ¹
137 1995 302 2081 potestatis
318 2010 469 2065 summae,
489 2001 705 2068 exerceretur,
725 1990 806 2073 signi
824 1991 1029 2053 adhiberetur
1042 1991 1116 2054 loce
1128 1993 1175 2074 ²),

137 2096 221 2159 baud
249 2093 396 2179 prolecto
426 2104 492 2170 est,
526 2111 584 2154 cur
610 2091 779 2169 miremur,
811 2093 898 2155 illam
928 2093 1116 2157 alnvenale
1136 2113 1175 2157 ea

136 2198 205 2282 ipsa
227 2196 268 2259 tle
289 2215 382 2258 caasa
402 2202 542 2260 domnae
560 2193 773 2277 adpellatione
793 2214 863 2258 esse
886 2194 1075 2279 insignitam.

107 2447 109 2451 Α
218 2399 254 2481 9)
297 2399 413 2461 Adnot.
434 2399 474 2461 ad
495 2397 598 2461 Cicer.
618 2400 711 2477 Orat.
734 2419 796 2484 pro
817 2402 857 2461 Τ.
877 2400 983 2462 Annio
1004 2400 1123 2463 Milone
1144 2420 1171 2463 c.

135 2508 186 2575 13.
229 2502 343 2564 Cicero
364 2501 410 2562 ibi
424 2501 475 2582 3),
495 2501 629 2563 Sextum
650 2500 816 2581 Clodium,
836 2503 875 2564 P.
895 2501 1002 2565 Clodii
1024 2502 1172 2583 scribam,

135 2606 334 2684 alloquutus,
369 2614 537 2684 postquam
557 2602 698 2665 dixerat:
741 2612 809 2668 »lta
834 2612 869 2667 P.
891 2611 990 2669 Clodii
1009 2618 1196 2671 cruentum'

135 2706 269 2768 collocer
285 2711 401 2766 moini
420 2712 524 2783 animm
546 2715 581 2764 tu
599 2712 634 2765 in
650 2710 808 2782 moliente
826 2711 981 2786 obem&
1002 2718 1038 2770 tu
1056 2716 1172 2785 epom-

133 2810 418 2885 contemnentem,
438 2812 614 2885 maeoniis,
632 2826 761 2886 pompa,
781 2813 970 2888 laudatione,
990 2814 1172 2885 mfedciast-

133 2917 193 2975 m'a
212 2916 303 2987 annu
322 2911 585 2988 contemtum,
613 2914 776 2971 nocturnis
796 2912 923 2973 amadus
942 2916 1175 2987 &mammam

131 3176 216 3241 tanti,
239 3173 341 3243 quibat
359 3173 458 3228 diebus
475 3188 509 3229 ea
526 3169 582 3227 lari
599 3170 645 3227 lut
661 3188 716 3227 non
733 3179 795 3243 αις
815 3180 844 3229 et
860 3170 885 3228 ai
900 3173 955 3230 fati
970 3181 1053 3242 sunt,
1072 3175 1167 3249 piacu-

131 3267 191 3319 lum
207 3260 342 3316 feciuut.“

198 3352 228 3415 1)
248 3350 318 3416 „lus
338 3347 473 3402 auctionis
491 3346 587 3404 aarum
604 3366 699 3404 rerum
717 3349 791 3415 tuit,
813 3366 885 3419 qnae
901 3352 1166 3425 publiceptrprae·

130 3458 226 3495 eonem
250 3440 303 3492 aab
328 3439 412 3491 basta
438 3446 583 3507 praesente
601 3446 631 3493 et
655 3440 800 3494 addicente
819 3442 990 3512 magistratu
1013 3447 1167 3499 venderen-

130 3537 194 3586 tur:
222 3529 251 3581 in
269 3526 443 3581 auctionibus
462 3528 535 3579 cuim
552 3527 596 3593 ei,
627 3529 675 3596 qui
692 3531 846 3598 plurimum
863 3539 967 3604 nugat,
994 3550 1040 3587 rea
1062 3533 1168 3586 addici·
1217 3561 1222 3572 ·

128 3627 184 3674 tur.
219 3619 258 3673 Et
275 3617 405 3686 quoniam
423 3634 456 3671 ex
473 3617 601 3677 auctione
618 3617 670 3701 ml
689 3620 839 3673 dominium
859 3621 914 3675 sibi
932 3623 1037 3675 iustam
1056 3621 1084 3674 in
1102 3640 1166 3677 eam

128 3726 188 3761 rem
208 3714 388 3777 comparent,
414 3705 480 3759 ltine
505 3707 592 3778 etiam
615 3707 768 3767 auctoritas
793 3709 837 3763 iun
857 3710 984 3765 auctione
1008 3710 1166 3781 qtmetitum

128 3795 249 3861 dicitur,
276 3803 305 3849 et
323 3802 421 3849 auctor
443 3795 666 3873 inappellatur,
694 3812 784 3867 aquo
799 3782 873 3867 'quia
892 3798 1106 3869 anctoritatem,
1133 3786 1172 3855 id..

128 3890 188 3948 eat,
214 3880 257 3936 ius
278 3884 391 3939 dominii
409 3884 439 3937 in
464 3882 623 3962 quamplam
644 3900 705 3957 rom
728 3864 872 3967 accepit‘f'
899 3878 1030 3955 stgomui
1048 3884 1083 3941 de
1099 3888 1164 3946 d'nl.

128 3974 186 4028 lur.
208 3972 275 4041 Pop.
293 3974 377 4028 Rom.
397 3974 477 4028 Tem.
494 3962 517 4027 l.
537 3974 569 4051 Β.
587 3972 609 4025 1.
628 3991 650 4026 c.
667 3974 709 4027 11.
729 3966 758 4044 μ’
773 3974 833 4028 lta.
862 3960 888 3988 '⁸'
1039 4048 1043 4053 Ι
1102 4046 1105 4051 Ι
1151 3966 1154 3971 ’

194 4062 226 4131 2)
246 4062 340 4134 Sigon.
358 4066 378 4118 l.
397 4083 420 4118 a.
440 4062 579 4119 Tom.'lI.
598 4064 633 4116 de
651 4062 765 4118 Indicit·
784 4064 815 4118 Β.
831 4060 856 4118 t:
875 4082 896 4118 t.
911 4058 981 4136 ‘isla
996 4062 1101 4123 419³*
1164 4082 1170 4089 ·

137 4150 141 4171 ¹
191 4151 224 4221 8)
243 4153 305 4211 vit
324 4154 383 4215 lna
402 4156 480 4213 tect.
499 4172 543 4213 aa.
561 4152 744 4211 MDCCCXI.
