<?xml version="1.0" encoding="UTF-8"?>
<!DOCTYPE html PUBLIC "-//W3C//DTD XHTML 1.0 Transitional//EN"
    "http://www.w3.org/TR/xhtml1/DTD/xhtml1-transitional.dtd">
<html xmlns="http://www.w3.org/1999/xhtml" xml:lang="en" lang="en">
 <head>
  <title>
</title>
<meta http-equiv="Content-Type" content="text/html;charset=utf-8" />
  <meta name='ocr-system' content='tesseract 3.04.00' />
  <meta name='ocr-capabilities' content='ocr_page ocr_carea ocr_par ocr_line ocrx_word'/>
</head>
<body>
  <div class='ocr_page' id='page_1' title='image "./carfrchrwagneri00wagngoog_0257.png"; bbox 0 0 2616 4814; ppageno 0'>
   <div class='ocr_carea' id='block_1_1' title="bbox 85 408 788 480">
    <p class='ocr_par' dir='ltr' id='par_1_1' title="bbox 85 408 788 480">
     <span class='ocr_line' id='line_1_1' title="bbox 85 408 788 480; baseline -0.006 -15"><span class='ocrx_word' id='word_1_1' title='bbox 85 408 139 465; x_wconf 76' lang='lat' dir='ltr'><strong>tto</strong></span> <span class='ocrx_word' id='word_1_2' title='bbox 431 409 467 462; x_wconf 78' lang='lat' dir='ltr'><strong>X.</strong></span> <span class='ocrx_word' id='word_1_3' title='bbox 504 409 638 478; x_wconf 67' lang='lat' dir='ltr'><strong>Recepta</strong></span> <span class='ocrx_word' id='word_1_4' title='bbox 656 408 788 480; x_wconf 72' lang='lat' dir='ltr'><strong>penedos»</strong></span> 
     </span>
    </p>
   </div>
   <div class='ocr_carea' id='block_1_2' title="bbox 30 567 1135 1477">
    <p class='ocr_par' dir='ltr' id='par_1_2' title="bbox 30 567 1135 1477">
     <span class='ocr_line' id='line_1_2' title="bbox 89 567 1132 657; baseline -0.009 -20"><span class='ocrx_word' id='word_1_5' title='bbox 89 573 265 639; x_wconf 80' lang='lat' dir='ltr'><strong>narrandae</strong></span> <span class='ocrx_word' id='word_1_6' title='bbox 288 572 548 637; x_wconf 84' lang='lat' dir='ltr'><strong>accommodandi</strong></span> <span class='ocrx_word' id='word_1_7' title='bbox 569 609 608 623; x_wconf 90' lang='lat'><em>-</em></span> <span class='ocrx_word' id='word_1_8' title='bbox 636 573 808 657; x_wconf 76' lang='lat' dir='ltr'><strong>negligitur</strong></span> <span class='ocrx_word' id='word_1_9' title='bbox 829 590 847 633; x_wconf 87' lang='lat' dir='ltr'><strong>a</strong></span> <span class='ocrx_word' id='word_1_10' title='bbox 870 567 1034 657; x_wconf 60' lang='lat' dir='ltr'><strong>pluripis,</strong></span> <span class='ocrx_word' id='word_1_11' title='bbox 1064 569 1132 653; x_wconf 85' lang='lat' dir='ltr'><strong>qui,</strong></span> 
     </span>
     <span class='ocr_line' id='line_1_3' title="bbox 90 672 1133 761; baseline -0.008 -22"><span class='ocrx_word' id='word_1_12' title='bbox 90 677 132 739; x_wconf 85' lang='lat' dir='ltr'><strong>sd</strong></span> <span class='ocrx_word' id='word_1_13' title='bbox 148 676 320 739; x_wconf 83' lang='lat' dir='ltr'><strong>clamorem</strong></span> <span class='ocrx_word' id='word_1_14' title='bbox 334 687 517 761; x_wconf 81' lang='lat' dir='ltr'><strong>dispositae,</strong></span> <span class='ocrx_word' id='word_1_15' title='bbox 539 674 702 739; x_wconf 78' lang='lat' dir='ltr'><strong>ueletiam</strong></span> <span class='ocrx_word' id='word_1_16' title='bbox 718 682 802 754; x_wconf 84' lang='lat' dir='ltr'><strong>forte</strong></span> <span class='ocrx_word' id='word_1_17' title='bbox 824 679 1032 752; x_wconf 62' lang='lat' dir='ltr'><strong>circumfluae</strong></span> <span class='ocrx_word' id='word_1_18' title='bbox 1051 672 1133 733; x_wconf 89' lang='lat' dir='ltr'><strong>mul·</strong></span> 
     </span>
     <span class='ocr_line' id='line_1_4' title="bbox 90 772 1133 864; baseline -0.01 -22"><span class='ocrx_word' id='word_1_19' title='bbox 90 778 233 842; x_wconf 85' lang='lat' dir='ltr'><strong>titudinis</strong></span> <span class='ocrx_word' id='word_1_20' title='bbox 263 779 453 864; x_wconf 75' lang='lat' dir='ltr'><strong>compositi,</strong></span> <span class='ocrx_word' id='word_1_21' title='bbox 493 798 558 840; x_wconf 89' lang='lat' dir='ltr'><strong>non</strong></span> <span class='ocrx_word' id='word_1_22' title='bbox 585 775 692 840; x_wconf 84' lang='lat' dir='ltr'><strong>ferunt</strong></span> <span class='ocrx_word' id='word_1_23' title='bbox 719 775 800 837; x_wconf 94' lang='lat' dir='ltr'><strong>illud</strong></span> <span class='ocrx_word' id='word_1_24' title='bbox 827 773 1010 837; x_wconf 84' lang='lat' dir='ltr'><strong>intentionis</strong></span> <span class='ocrx_word' id='word_1_25' title='bbox 1039 772 1133 835; x_wconf 90' lang='lat' dir='ltr'><strong>silen-</strong></span> 
     </span>
     <span class='ocr_line' id='line_1_5' title="bbox 89 874 1133 956; baseline -0.009 -13"><span class='ocrx_word' id='word_1_26' title='bbox 89 880 188 943; x_wconf 86' lang='lat' dir='ltr'><strong>tium:</strong></span> <span class='ocrx_word' id='word_1_27' title='bbox 229 901 289 943; x_wconf 86' lang='lat' dir='ltr'><strong>nes</strong></span> <span class='ocrx_word' id='word_1_28' title='bbox 310 881 372 943; x_wconf 88' lang='lat' dir='ltr'><strong>sibi</strong></span> <span class='ocrx_word' id='word_1_29' title='bbox 394 881 504 943; x_wconf 85' lang='lat' dir='ltr'><strong>diserti</strong></span> <span class='ocrx_word' id='word_1_30' title='bbox 525 880 690 956; x_wconf 86' lang='lat' dir='ltr'><strong>videntur,</strong></span> <span class='ocrx_word' id='word_1_31' title='bbox 724 876 785 940; x_wconf 91' lang='lat' dir='ltr'><strong>nisi</strong></span> <span class='ocrx_word' id='word_1_32' title='bbox 806 877 910 939; x_wconf 89' lang='lat' dir='ltr'><strong>omnia</strong></span> <span class='ocrx_word' id='word_1_33' title='bbox 936 874 1075 938; x_wconf 81' lang='lat' dir='ltr'><strong>tumultu</strong></span> <span class='ocrx_word' id='word_1_34' title='bbox 1096 893 1133 935; x_wconf 86' lang='lat' dir='ltr'><strong>ac</strong></span> 
     </span>
     <span class='ocr_line' id='line_1_6' title="bbox 90 981 1132 1064; baseline -0.011 -19"><span class='ocrx_word' id='word_1_35' title='bbox 90 981 322 1047; x_wconf 77' lang='lat' dir='ltr'><strong>vociferatione</strong></span> <span class='ocrx_word' id='word_1_36' title='bbox 342 984 584 1064; x_wconf 74' lang='lat' dir='ltr'><strong>concusserint).</strong></span> <span class='ocrx_word' id='word_1_37' title='bbox 625 991 757 1062; x_wconf 69' lang='lat' dir='ltr'><strong>liuguae</strong></span> <span class='ocrx_word' id='word_1_38' title='bbox 777 988 923 1045; x_wconf 79' lang='lat' dir='ltr'><strong>comitum</strong></span> <span class='ocrx_word' id='word_1_39' title='bbox 942 999 1032 1041; x_wconf 79' lang='lat' dir='ltr'><strong>voees</strong></span> <span class='ocrx_word' id='word_1_40' title='bbox 1053 994 1132 1037; x_wconf 84' lang='lat' dir='ltr'><strong>vero</strong></span> 
     </span>
     <span class='ocr_line' id='line_1_7' title="bbox 91 1078 1135 1167; baseline -0.011 -20"><span class='ocrx_word' id='word_1_41' title='bbox 91 1094 164 1147; x_wconf 84' lang='lat' dir='ltr'><strong>sunt</strong></span> <span class='ocrx_word' id='word_1_42' title='bbox 185 1094 312 1151; x_wconf 75' lang='lat' dir='ltr'><strong>clientes</strong></span> <span class='ocrx_word' id='word_1_43' title='bbox 332 1108 443 1167; x_wconf 68' lang='lat' dir='ltr'><strong>magno</strong></span> <span class='ocrx_word' id='word_1_44' title='bbox 463 1109 537 1151; x_wconf 83' lang='lat' dir='ltr'><strong>cose</strong></span> <span class='ocrx_word' id='word_1_45' title='bbox 557 1093 770 1149; x_wconf 70' lang='lat' dir='ltr'><strong>conluctantes.</strong></span> <span class='ocrx_word' id='word_1_46' title='bbox 813 1083 929 1143; x_wconf 84' lang='lat' dir='ltr'><strong>Sensus</strong></span> <span class='ocrx_word' id='word_1_47' title='bbox 941 1079 1055 1161; x_wconf 79' lang='lat' dir='ltr'><strong>igitur:</strong></span> <span class='ocrx_word' id='word_1_48' title='bbox 1076 1078 1135 1138; x_wconf 90' lang='lat' dir='ltr'><strong>Di·</strong></span> 
     </span>
     <span class='ocr_line' id='line_1_8' title="bbox 91 1181 1135 1272; baseline -0.01 -22"><span class='ocrx_word' id='word_1_49' title='bbox 91 1204 149 1250; x_wconf 83' lang='lat' dir='ltr'><strong>ves</strong></span> <span class='ocrx_word' id='word_1_50' title='bbox 169 1186 267 1251; x_wconf 90' lang='lat' dir='ltr'><strong>mittit</strong></span> <span class='ocrx_word' id='word_1_51' title='bbox 286 1201 401 1272; x_wconf 89' lang='lat' dir='ltr'><strong>poetae</strong></span> <span class='ocrx_word' id='word_1_52' title='bbox 422 1187 597 1250; x_wconf 76' lang='lat' dir='ltr'><strong>recitaturo</strong></span> <span class='ocrx_word' id='word_1_53' title='bbox 620 1185 751 1247; x_wconf 88' lang='lat' dir='ltr'><strong>clientes</strong></span> <span class='ocrx_word' id='word_1_54' title='bbox 772 1203 866 1262; x_wconf 88' lang='lat' dir='ltr'><strong>suos,</strong></span> <span class='ocrx_word' id='word_1_55' title='bbox 892 1181 947 1267; x_wconf 92' lang='lat' dir='ltr'><strong>qui</strong></span> <span class='ocrx_word' id='word_1_56' title='bbox 969 1182 1032 1242; x_wconf 85' lang='lat' dir='ltr'><strong>alta</strong></span> <span class='ocrx_word' id='word_1_57' title='bbox 1053 1198 1135 1243; x_wconf 75' lang='lat' dir='ltr'><strong>voce</strong></span> 
     </span>
     <span class='ocr_line' id='line_1_9' title="bbox 30 1280 1135 1375; baseline -0.007 -26"><span class='ocrx_word' id='word_1_58' title='bbox 30 1342 35 1349; x_wconf 92' lang='lat'><strong>.</strong></span> <span class='ocrx_word' id='word_1_59' title='bbox 92 1288 127 1352; x_wconf 88' lang='lat' dir='ltr'><strong>ei</strong></span> <span class='ocrx_word' id='word_1_60' title='bbox 143 1288 355 1374; x_wconf 75' lang='lat' dir='ltr'><strong>adplaudunt,</strong></span> <span class='ocrx_word' id='word_1_61' title='bbox 390 1308 596 1375; x_wconf 87' lang='lat' dir='ltr'><strong>quorumque</strong></span> <span class='ocrx_word' id='word_1_62' title='bbox 616 1286 841 1349; x_wconf 79' lang='lat' dir='ltr'><strong>acclamatione</strong></span> <span class='ocrx_word' id='word_1_63' title='bbox 869 1284 987 1368; x_wconf 89' lang='lat' dir='ltr'><strong>reliqui</strong></span> <span class='ocrx_word' id='word_1_64' title='bbox 1013 1280 1135 1344; x_wconf 87' lang='lat' dir='ltr'><strong>audito·</strong></span> 
     </span>
     <span class='ocr_line' id='line_1_10' title="bbox 92 1386 1135 1477; baseline -0.004 -24"><span class='ocrx_word' id='word_1_65' title='bbox 92 1406 146 1453; x_wconf 78' lang='lat' dir='ltr'><strong>res</strong></span> <span class='ocrx_word' id='word_1_66' title='bbox 174 1390 212 1453; x_wconf 86' lang='lat' dir='ltr'><strong>ad</strong></span> <span class='ocrx_word' id='word_1_67' title='bbox 242 1392 388 1476; x_wconf 86' lang='lat' dir='ltr'><strong>ipsorum</strong></span> <span class='ocrx_word' id='word_1_68' title='bbox 408 1392 591 1477; x_wconf 85' lang='lat' dir='ltr'><strong>exemplum</strong></span> <span class='ocrx_word' id='word_1_69' title='bbox 617 1388 803 1450; x_wconf 88' lang='lat' dir='ltr'><strong>imitandum</strong></span> <span class='ocrx_word' id='word_1_70' title='bbox 828 1386 1014 1451; x_wconf 85' lang='lat' dir='ltr'><strong>excitentur.</strong></span> <span class='ocrx_word' id='word_1_71' title='bbox 1056 1393 1135 1449; x_wconf 83' lang='lat' dir='ltr'><strong>Dia-</strong></span> 
     </span>
    </p>
   </div>
   <div class='ocr_carea' id='block_1_3' title="bbox 89 1491 1062 1579">
    <p class='ocr_par' dir='ltr' id='par_1_3' title="bbox 89 1491 1062 1579">
     <span class='ocr_line' id='line_1_11' title="bbox 89 1491 1062 1579; baseline -0.009 -18"><span class='ocrx_word' id='word_1_72' title='bbox 89 1513 205 1574; x_wconf 74' lang='lat' dir='ltr'><strong>pouere</strong></span> <span class='ocrx_word' id='word_1_73' title='bbox 226 1494 325 1579; x_wconf 86' lang='lat' dir='ltr'><strong>igitur</strong></span> <span class='ocrx_word' id='word_1_74' title='bbox 347 1493 432 1557; x_wconf 89' lang='lat' dir='ltr'><strong>idem</strong></span> <span class='ocrx_word' id='word_1_75' title='bbox 454 1491 612 1578; x_wconf 86' lang='lat' dir='ltr'><strong>estquod</strong></span> <span class='ocrx_word' id='word_1_76' title='bbox 633 1500 676 1557; x_wconf 73' lang='lat' dir='ltr'><strong>ad</strong></span> <span class='ocrx_word' id='word_1_77' title='bbox 692 1500 915 1574; x_wconf 66' lang='lat' dir='ltr'><strong>deponendum</strong></span> <span class='ocrx_word' id='word_1_78' title='bbox 933 1499 1062 1555; x_wconf 79' lang='lat' dir='ltr'><strong>mittere.</strong></span> 
     </span>
    </p>
   </div>
   <div class='ocr_carea' id='block_1_4' title="bbox 77 1674 1136 1880">
    <p class='ocr_par' dir='ltr' id='par_1_4' title="bbox 77 1674 1136 1880">
     <span class='ocr_line' id='line_1_12' title="bbox 77 1674 1136 1777; baseline -0.008 -14"><span class='ocrx_word' id='word_1_79' title='bbox 77 1768 82 1777; x_wconf 65' lang='grc'><em>,</em></span> <span class='ocrx_word' id='word_1_80' title='bbox 176 1694 212 1775; x_wconf 84' lang='lat' dir='ltr'><strong>e)</strong></span> <span class='ocrx_word' id='word_1_81' title='bbox 254 1697 306 1759; x_wconf 73' lang='lat' dir='ltr'><strong>ce</strong></span> <span class='ocrx_word' id='word_1_82' title='bbox 331 1674 617 1761; x_wconf 52' lang='lat' dir='ltr'><strong>reuertuntur.</strong></span> <span class='ocrx_word' id='word_1_83' title='bbox 638 1701 951 1777; x_wconf 63' lang='lat' dir='ltr'><strong>senatuumque,</strong></span> <span class='ocrx_word' id='word_1_84' title='bbox 980 1692 1136 1776; x_wconf 70' lang='lat' dir='ltr'><strong>ipsorum·</strong></span> 
     </span>
     <span class='ocr_line' id='line_1_13' title="bbox 95 1799 302 1880; baseline 0.005 -24"><span class='ocrx_word' id='word_1_85' title='bbox 95 1813 159 1879; x_wconf 86' lang='lat' dir='ltr'><strong>quc</strong></span> <span class='ocrx_word' id='word_1_86' title='bbox 179 1817 247 1859; x_wconf 85' lang='lat' dir='ltr'><strong>usu.</strong></span> <span class='ocrx_word' id='word_1_87' title='bbox 270 1799 302 1880; x_wconf 86' lang='lat'><strong>¹)</strong></span> 
     </span>
    </p>
   </div>
   <div class='ocr_carea' id='block_1_5' title="bbox 174 1892 1186 1995">
    <p class='ocr_par' dir='ltr' id='par_1_5' title="bbox 174 1892 1186 1995">
     <span class='ocr_line' id='line_1_14' title="bbox 174 1892 1186 1995; baseline -0.005 -33"><span class='ocrx_word' id='word_1_88' title='bbox 174 1897 313 1995; x_wconf 78' lang='lat' dir='ltr'><strong>Quodsi</strong></span> <span class='ocrx_word' id='word_1_89' title='bbox 329 1901 607 1984; x_wconf 87' lang='lat' dir='ltr'><strong>grammaticorum</strong></span> <span class='ocrx_word' id='word_1_90' title='bbox 626 1892 836 1985; x_wconf 72' lang='lat' dir='ltr'><strong>diligentiain</strong></span> <span class='ocrx_word' id='word_1_91' title='bbox 850 1898 1029 1983; x_wconf 89' lang='lat' dir='ltr'><strong>linguarum</strong></span> <span class='ocrx_word' id='word_1_92' title='bbox 1044 1916 1136 1979; x_wconf 86' lang='lat' dir='ltr'><strong>prae·</strong></span> <span class='ocrx_word' id='word_1_93' title='bbox 1181 1926 1186 1933; x_wconf 93' lang='lat'><em>·</em></span> 
     </span>
    </p>
   </div>
   <div class='ocr_carea' id='block_1_6' title="bbox 95 1996 1143 4031">
    <p class='ocr_par' dir='ltr' id='par_1_6' title="bbox 95 1996 1143 4031">
     <span class='ocr_line' id='line_1_15' title="bbox 96 1996 1136 2089; baseline -0.003 -28"><span class='ocrx_word' id='word_1_94' title='bbox 96 2000 197 2084; x_wconf 87' lang='lat' dir='ltr'><strong>ceptis</strong></span> <span class='ocrx_word' id='word_1_95' title='bbox 233 2023 273 2065; x_wconf 85' lang='lat' dir='ltr'><strong>ex</strong></span> <span class='ocrx_word' id='word_1_96' title='bbox 299 2022 360 2065; x_wconf 88' lang='lat' dir='ltr'><strong>usu</strong></span> <span class='ocrx_word' id='word_1_97' title='bbox 392 2002 684 2089; x_wconf 81' lang='lat' dir='ltr'><strong>consuetudineque</strong></span> <span class='ocrx_word' id='word_1_98' title='bbox 722 1996 873 2087; x_wconf 90' lang='lat' dir='ltr'><strong>loquendi</strong></span> <span class='ocrx_word' id='word_1_99' title='bbox 909 1997 1136 2062; x_wconf 83' lang='lat' dir='ltr'><strong>constituendis</strong></span> 
     </span>
     <span class='ocr_line' id='line_1_16' title="bbox 95 2098 1137 2190; baseline -0.004 -27"><span class='ocrx_word' id='word_1_100' title='bbox 95 2101 321 2190; x_wconf 82' lang='lat' dir='ltr'><strong>tradendisque</strong></span> <span class='ocrx_word' id='word_1_101' title='bbox 352 2127 446 2190; x_wconf 89' lang='lat' dir='ltr'><strong>quam</strong></span> <span class='ocrx_word' id='word_1_102' title='bbox 474 2106 610 2168; x_wconf 80' lang='lat' dir='ltr'><strong>maxime</strong></span> <span class='ocrx_word' id='word_1_103' title='bbox 635 2105 790 2169; x_wconf 88' lang='lat' dir='ltr'><strong>laudanda</strong></span> <span class='ocrx_word' id='word_1_104' title='bbox 817 2115 882 2180; x_wconf 85' lang='lat' dir='ltr'><strong>est,</strong></span> <span class='ocrx_word' id='word_1_105' title='bbox 915 2113 1019 2164; x_wconf 89' lang='lat' dir='ltr'><strong>tamen</strong></span> <span class='ocrx_word' id='word_1_106' title='bbox 1048 2100 1075 2161; x_wconf 86' lang='lat' dir='ltr'><strong>si</strong></span> <span class='ocrx_word' id='word_1_107' title='bbox 1096 2098 1137 2159; x_wconf 88' lang='lat' dir='ltr'><strong>ad</strong></span> 
     </span>
     <span class='ocr_line' id='line_1_17' title="bbox 96 2202 1137 2289; baseline -0.003 -24"><span class='ocrx_word' id='word_1_108' title='bbox 96 2207 236 2289; x_wconf 84' lang='lat' dir='ltr'><strong>argutias</strong></span> <span class='ocrx_word' id='word_1_109' title='bbox 260 2207 455 2270; x_wconf 86' lang='lat' dir='ltr'><strong>descendere</strong></span> <span class='ocrx_word' id='word_1_110' title='bbox 478 2209 646 2287; x_wconf 76' lang='lat' dir='ltr'><strong>ridentur,</strong></span> <span class='ocrx_word' id='word_1_111' title='bbox 682 2221 773 2270; x_wconf 87' lang='lat' dir='ltr'><strong>ceute</strong></span> <span class='ocrx_word' id='word_1_112' title='bbox 797 2203 967 2267; x_wconf 88' lang='lat' dir='ltr'><strong>admodum</strong></span> <span class='ocrx_word' id='word_1_113' title='bbox 994 2202 1066 2263; x_wconf 89' lang='lat' dir='ltr'><strong>illos</strong></span> <span class='ocrx_word' id='word_1_114' title='bbox 1087 2220 1137 2262; x_wconf 88' lang='lat' dir='ltr'><strong>se·</strong></span> 
     </span>
     <span class='ocr_line' id='line_1_18' title="bbox 97 2302 1136 2393; baseline -0.001 -28"><span class='ocrx_word' id='word_1_115' title='bbox 97 2306 153 2389; x_wconf 81' lang='lat' dir='ltr'><strong>qui</strong></span> <span class='ocrx_word' id='word_1_116' title='bbox 173 2320 268 2392; x_wconf 86' lang='lat' dir='ltr'><strong>atque</strong></span> <span class='ocrx_word' id='word_1_117' title='bbox 289 2308 459 2392; x_wconf 81' lang='lat' dir='ltr'><strong>diligenter</strong></span> <span class='ocrx_word' id='word_1_118' title='bbox 479 2310 644 2393; x_wconf 86' lang='lat' dir='ltr'><strong>inquirere</strong></span> <span class='ocrx_word' id='word_1_119' title='bbox 665 2309 834 2383; x_wconf 88' lang='lat' dir='ltr'><strong>debemus,</strong></span> <span class='ocrx_word' id='word_1_120' title='bbox 867 2327 959 2384; x_wconf 88' lang='lat' dir='ltr'><strong>num,</strong></span> <span class='ocrx_word' id='word_1_121' title='bbox 994 2324 1074 2388; x_wconf 88' lang='lat' dir='ltr'><strong>quae</strong></span> <span class='ocrx_word' id='word_1_122' title='bbox 1097 2302 1136 2364; x_wconf 86' lang='lat' dir='ltr'><strong>ab</strong></span> 
     </span>
     <span class='ocr_line' id='line_1_19' title="bbox 96 2404 1139 2492; baseline 0 -26"><span class='ocrx_word' id='word_1_123' title='bbox 96 2404 161 2468; x_wconf 89' lang='lat' dir='ltr'><strong>illis</strong></span> <span class='ocrx_word' id='word_1_124' title='bbox 182 2409 368 2487; x_wconf 88' lang='lat' dir='ltr'><strong>traduntur,</strong></span> <span class='ocrx_word' id='word_1_125' title='bbox 399 2411 578 2492; x_wconf 87' lang='lat' dir='ltr'><strong>linguarum</strong></span> <span class='ocrx_word' id='word_1_126' title='bbox 599 2421 729 2471; x_wconf 87' lang='lat' dir='ltr'><strong>naturae</strong></span> <span class='ocrx_word' id='word_1_127' title='bbox 752 2408 915 2492; x_wconf 88' lang='lat' dir='ltr'><strong>indolique</strong></span> <span class='ocrx_word' id='word_1_128' title='bbox 938 2407 1139 2482; x_wconf 81' lang='lat' dir='ltr'><strong>convenient,</strong></span> 
     </span>
     <span class='ocr_line' id='line_1_20' title="bbox 96 2507 1139 2595; baseline -0.002 -25"><span class='ocrx_word' id='word_1_129' title='bbox 96 2527 206 2572; x_wconf 87' lang='lat' dir='ltr'><strong>necue.</strong></span> <span class='ocrx_word' id='word_1_130' title='bbox 257 2510 311 2572; x_wconf 87' lang='lat' dir='ltr'><strong>Sic</strong></span> <span class='ocrx_word' id='word_1_131' title='bbox 342 2531 370 2572; x_wconf 90' lang='lat' dir='ltr'><strong>e.</strong></span> <span class='ocrx_word' id='word_1_132' title='bbox 392 2531 421 2594; x_wconf 90' lang='lat' dir='ltr'><strong>g.</strong></span> <span class='ocrx_word' id='word_1_133' title='bbox 452 2512 521 2595; x_wconf 89' lang='lat' dir='ltr'><strong>ipse</strong></span> <span class='ocrx_word' id='word_1_134' title='bbox 542 2514 702 2574; x_wconf 86' lang='lat' dir='ltr'><strong>Gesnerus</strong></span> <span class='ocrx_word' id='word_1_135' title='bbox 722 2511 755 2571; x_wconf 90' lang='lat' dir='ltr'><strong>in</strong></span> <span class='ocrx_word' id='word_1_136' title='bbox 776 2509 939 2570; x_wconf 81' lang='lat' dir='ltr'><strong>Thesauro</strong></span> <span class='ocrx_word' id='word_1_137' title='bbox 961 2511 998 2570; x_wconf 88' lang='lat' dir='ltr'><strong>L.</strong></span> <span class='ocrx_word' id='word_1_138' title='bbox 1020 2512 1057 2570; x_wconf 89' lang='lat' dir='ltr'><strong>L.</strong></span> <span class='ocrx_word' id='word_1_139' title='bbox 1079 2507 1139 2569; x_wconf 88' lang='lat' dir='ltr'><strong>sub</strong></span> 
     </span>
     <span class='ocr_line' id='line_1_21' title="bbox 97 2611 1140 2696; baseline -0.004 -21"><span class='ocrx_word' id='word_1_140' title='bbox 97 2629 129 2675; x_wconf 76' lang='lat' dir='ltr'><strong>v.</strong></span> <span class='ocrx_word' id='word_1_141' title='bbox 150 2633 226 2677; x_wconf 84' lang='lat' dir='ltr'><strong>num</strong></span> <span class='ocrx_word' id='word_1_142' title='bbox 247 2612 359 2689; x_wconf 85' lang='lat' dir='ltr'><strong>docet,</strong></span> <span class='ocrx_word' id='word_1_143' title='bbox 391 2612 472 2675; x_wconf 86' lang='lat' dir='ltr'><strong>hanc</strong></span> <span class='ocrx_word' id='word_1_144' title='bbox 493 2613 680 2696; x_wconf 89' lang='lat' dir='ltr'><strong>particulam</strong></span> <span class='ocrx_word' id='word_1_145' title='bbox 702 2611 890 2677; x_wconf 85' lang='lat' dir='ltr'><strong>adverbium</strong></span> <span class='ocrx_word' id='word_1_146' title='bbox 912 2631 981 2693; x_wconf 79' lang='lat' dir='ltr'><strong>esse</strong></span> <span class='ocrx_word' id='word_1_147' title='bbox 1002 2612 1140 2673; x_wconf 87' lang='lat' dir='ltr'><strong>interro·</strong></span> 
     </span>
     <span class='ocr_line' id='line_1_22' title="bbox 97 2711 1138 2799; baseline 0.001 -27"><span class='ocrx_word' id='word_1_148' title='bbox 97 2711 211 2795; x_wconf 83' lang='lat' dir='ltr'><strong>gandi,</strong></span> <span class='ocrx_word' id='word_1_149' title='bbox 241 2714 293 2776; x_wconf 91' lang='lat' dir='ltr'><strong>cui</strong></span> <span class='ocrx_word' id='word_1_150' title='bbox 320 2715 447 2799; x_wconf 88' lang='lat' dir='ltr'><strong>negatio</strong></span> <span class='ocrx_word' id='word_1_151' title='bbox 476 2714 741 2797; x_wconf 86' lang='lat' dir='ltr'><strong>subintelligatur.</strong></span> <span class='ocrx_word' id='word_1_152' title='bbox 791 2714 890 2776; x_wconf 78' lang='lat' dir='ltr'><strong>Addit</strong></span> <span class='ocrx_word' id='word_1_153' title='bbox 918 2714 973 2775; x_wconf 89' lang='lat' dir='ltr'><strong>ille</strong></span> <span class='ocrx_word' id='word_1_154' title='bbox 997 2714 1138 2798; x_wconf 87' lang='lat' dir='ltr'><strong>quidem,</strong></span> 
     </span>
     <span class='ocr_line' id='line_1_23' title="bbox 97 2814 1139 2900; baseline 0 -25"><span class='ocrx_word' id='word_1_155' title='bbox 97 2816 267 2878; x_wconf 79' lang='lat' dir='ltr'><strong>nonnullos</strong></span> <span class='ocrx_word' id='word_1_156' title='bbox 287 2829 419 2899; x_wconf 89' lang='lat' dir='ltr'><strong>putare,</strong></span> <span class='ocrx_word' id='word_1_157' title='bbox 439 2814 515 2882; x_wconf 76' lang='lat' dir='ltr'><strong>num</strong></span> <span class='ocrx_word' id='word_1_158' title='bbox 535 2817 694 2880; x_wconf 87' lang='lat' dir='ltr'><strong>interdum</strong></span> <span class='ocrx_word' id='word_1_159' title='bbox 711 2836 772 2900; x_wconf 88' lang='lat' dir='ltr'><strong>pro</strong></span> <span class='ocrx_word' id='word_1_160' title='bbox 789 2840 869 2881; x_wconf 83' lang='lat' dir='ltr'><strong>anne</strong></span> <span class='ocrx_word' id='word_1_161' title='bbox 888 2837 913 2876; x_wconf 86' lang='lat' dir='ltr'><strong>s.</strong></span> <span class='ocrx_word' id='word_1_162' title='bbox 927 2839 1030 2881; x_wconf 83' lang='lat' dir='ltr'><strong>nonne</strong></span> <span class='ocrx_word' id='word_1_163' title='bbox 1050 2815 1139 2899; x_wconf 91' lang='lat' dir='ltr'><strong>poni,</strong></span> 
     </span>
     <span class='ocr_line' id='line_1_24' title="bbox 98 2912 1140 3003; baseline -0.002 -24"><span class='ocrx_word' id='word_1_164' title='bbox 98 2934 128 2979; x_wconf 86' lang='lat' dir='ltr'><strong>e.</strong></span> <span class='ocrx_word' id='word_1_165' title='bbox 148 2935 179 3000; x_wconf 87' lang='lat' dir='ltr'><strong>g.</strong></span> <span class='ocrx_word' id='word_1_166' title='bbox 201 2917 286 3000; x_wconf 84' lang='lat' dir='ltr'><strong>apud</strong></span> <span class='ocrx_word' id='word_1_167' title='bbox 305 2919 493 3001; x_wconf 79' lang='lat' dir='ltr'><strong>Ciceronem</strong></span> <span class='ocrx_word' id='word_1_168' title='bbox 514 2941 575 3003; x_wconf 88' lang='lat' dir='ltr'><strong>pro</strong></span> <span class='ocrx_word' id='word_1_169' title='bbox 596 2920 702 3002; x_wconf 86' lang='lat' dir='ltr'><strong>Ligar.</strong></span> <span class='ocrx_word' id='word_1_170' title='bbox 725 2925 776 2997; x_wconf 82' lang='lat' dir='ltr'><strong>to,</strong></span> <span class='ocrx_word' id='word_1_171' title='bbox 797 2923 856 2996; x_wconf 74' lang='lat'><strong>993</strong></span> <span class='ocrx_word' id='word_1_172' title='bbox 890 2926 921 2979; x_wconf 84' lang='lat' dir='ltr'><strong>at</strong></span> <span class='ocrx_word' id='word_1_173' title='bbox 942 2936 1021 2979; x_wconf 84' lang='lat' dir='ltr'><strong>vero</strong></span> <span class='ocrx_word' id='word_1_174' title='bbox 1043 2912 1140 2978; x_wconf 89' lang='lat' dir='ltr'><strong>etiam</strong></span> 
     </span>
     <span class='ocr_line' id='line_1_25' title="bbox 99 3016 1140 3104; baseline -0.001 -25"><span class='ocrx_word' id='word_1_175' title='bbox 99 3016 146 3080; x_wconf 89' lang='lat' dir='ltr'><strong>ibi</strong></span> <span class='ocrx_word' id='word_1_176' title='bbox 166 3020 343 3103; x_wconf 80' lang='lat' dir='ltr'><strong>negativam</strong></span> <span class='ocrx_word' id='word_1_177' title='bbox 363 3021 605 3104; x_wconf 85' lang='lat' dir='ltr'><strong>responsionem</strong></span> <span class='ocrx_word' id='word_1_178' title='bbox 626 3020 779 3103; x_wconf 86' lang='lat' dir='ltr'><strong>intelligi,</strong></span> <span class='ocrx_word' id='word_1_179' title='bbox 810 3020 837 3079; x_wconf 89' lang='lat' dir='ltr'><strong>si</strong></span> <span class='ocrx_word' id='word_1_180' title='bbox 859 3017 962 3080; x_wconf 92' lang='lat' dir='ltr'><strong>omnia</strong></span> <span class='ocrx_word' id='word_1_181' title='bbox 992 3030 1140 3080; x_wconf 87' lang='lat' dir='ltr'><strong>accurate</strong></span> 
     </span>
     <span class='ocr_line' id='line_1_26' title="bbox 99 3117 1140 3207; baseline 0.001 -26"><span class='ocrx_word' id='word_1_182' title='bbox 99 3120 337 3203; x_wconf 77' lang='lat' dir='ltr'><strong>expendentur,</strong></span> <span class='ocrx_word' id='word_1_183' title='bbox 372 3123 528 3184; x_wconf 88' lang='lat' dir='ltr'><strong>neminem</strong></span> <span class='ocrx_word' id='word_1_184' title='bbox 562 3122 674 3207; x_wconf 83' lang='lat' dir='ltr'><strong>fugere</strong></span> <span class='ocrx_word' id='word_1_185' title='bbox 707 3140 803 3205; x_wconf 88' lang='lat' dir='ltr'><strong>posse</strong></span> <span class='ocrx_word' id='word_1_186' title='bbox 839 3118 991 3179; x_wconf 83' lang='lat' dir='ltr'><strong>adfirmat.</strong></span> <span class='ocrx_word' id='word_1_187' title='bbox 1050 3117 1140 3181; x_wconf 86' lang='lat' dir='ltr'><strong>Idem</strong></span> 
     </span>
     <span class='ocr_line' id='line_1_27' title="bbox 98 3220 1139 3302; baseline -0.005 -13"><span class='ocrx_word' id='word_1_188' title='bbox 98 3228 296 3301; x_wconf 68' lang='lat' dir='ltr'><strong>Homdorfius</strong></span> <span class='ocrx_word' id='word_1_189' title='bbox 315 3224 413 3286; x_wconf 85' lang='lat' dir='ltr'><strong>tradit</strong></span> <span class='ocrx_word' id='word_1_190' title='bbox 441 3226 480 3287; x_wconf 87' lang='lat' dir='ltr'><strong>ad</strong></span> <span class='ocrx_word' id='word_1_191' title='bbox 502 3228 582 3287; x_wconf 88' lang='lat' dir='ltr'><strong>Hor.</strong></span> <span class='ocrx_word' id='word_1_192' title='bbox 603 3224 697 3287; x_wconf 77' lang='lat' dir='ltr'><strong>Satis.</strong></span> <span class='ocrx_word' id='word_1_193' title='bbox 719 3224 806 3301; x_wconf 75' lang='lat'><strong>1‚2,</strong></span> <span class='ocrx_word' id='word_1_194' title='bbox 830 3223 899 3291; x_wconf 78' lang='grc'>114.</span> <span class='ocrx_word' id='word_1_195' title='bbox 927 3220 1001 3299; x_wconf 86' lang='lat' dir='ltr'><strong>ubi,</strong></span> <span class='ocrx_word' id='word_1_196' title='bbox 1025 3225 1139 3302; x_wconf 65' lang='lat' dir='ltr'><strong>allum,</strong></span> 
     </span>
     <span class='ocr_line' id='line_1_28' title="bbox 98 3320 1137 3409; baseline 0.004 -26"><span class='ocrx_word' id='word_1_197' title='bbox 98 3320 220 3406; x_wconf 89' lang='lat' dir='ltr'><strong>inquit,</strong></span> <span class='ocrx_word' id='word_1_198' title='bbox 259 3323 321 3387; x_wconf 83' lang='lat' dir='ltr'><strong>wie</strong></span> <span class='ocrx_word' id='word_1_199' title='bbox 349 3323 420 3388; x_wconf 89' lang='lat' dir='ltr'><strong>hier</strong></span> <span class='ocrx_word' id='word_1_200' title='bbox 447 3326 572 3389; x_wconf 71' lang='lat' dir='ltr'><strong>thenit</strong></span> <span class='ocrx_word' id='word_1_201' title='bbox 600 3349 661 3389; x_wconf 91' lang='lat' dir='ltr'><strong>nur</strong></span> <span class='ocrx_word' id='word_1_202' title='bbox 690 3327 724 3387; x_wconf 91' lang='lat' dir='ltr'><strong>in</strong></span> <span class='ocrx_word' id='word_1_203' title='bbox 752 3327 893 3409; x_wconf 83' lang='lat' dir='ltr'><strong>Fragor,</strong></span> <span class='ocrx_word' id='word_1_204' title='bbox 934 3325 993 3386; x_wconf 83' lang='lat' dir='ltr'><strong>auf</strong></span> <span class='ocrx_word' id='word_1_205' title='bbox 1015 3325 1137 3393; x_wconf 82' lang='lat' dir='ltr'><strong>welche</strong></span> 
     </span>
     <span class='ocr_line' id='line_1_29' title="bbox 100 3423 1143 3508; baseline 0.007 -20"><span class='ocrx_word' id='word_1_206' title='bbox 100 3423 172 3488; x_wconf 88' lang='lat' dir='ltr'><strong>eine</strong></span> <span class='ocrx_word' id='word_1_207' title='bbox 198 3428 412 3491; x_wconf 80' lang='lat' dir='ltr'><strong>verneinenda</strong></span> <span class='ocrx_word' id='word_1_208' title='bbox 437 3430 586 3493; x_wconf 80' lang='lat' dir='ltr'><strong>Antwort</strong></span> <span class='ocrx_word' id='word_1_209' title='bbox 619 3440 769 3491; x_wconf 79' lang='lat' dir='ltr'><strong>erwartet</strong></span> <span class='ocrx_word' id='word_1_210' title='bbox 793 3427 896 3506; x_wconf 81' lang='lat' dir='ltr'><strong>wird,</strong></span> <span class='ocrx_word' id='word_1_211' title='bbox 934 3432 1032 3508; x_wconf 67' lang='lat' dir='ltr'><strong>(mels</strong></span> <span class='ocrx_word' id='word_1_212' title='bbox 1059 3437 1143 3494; x_wconf 78' lang='lat' dir='ltr'><strong>uolet</strong></span> 
     </span>
     <span class='ocr_line' id='line_1_30' title="bbox 99 3523 1138 3615; baseline -0.001 -21"><span class='ocrx_word' id='word_1_213' title='bbox 99 3530 230 3610; x_wconf 73' lang='lat' dir='ltr'><strong>mutet)</strong></span> <span class='ocrx_word' id='word_1_214' title='bbox 260 3549 368 3593; x_wconf 87' lang='lat' dir='ltr'><strong>ausser</strong></span> <span class='ocrx_word' id='word_1_215' title='bbox 388 3530 470 3592; x_wconf 85' lang='lat' dir='ltr'><strong>nach</strong></span> <span class='ocrx_word' id='word_1_216' title='bbox 488 3539 609 3615; x_wconf 70' lang='lat' dir='ltr'><strong>dumo,</strong></span> <span class='ocrx_word' id='word_1_217' title='bbox 640 3552 753 3613; x_wconf 74' lang='lat' dir='ltr'><strong>quaero</strong></span> <span class='ocrx_word' id='word_1_218' title='bbox 770 3523 806 3593; x_wconf 87' lang='lat' dir='ltr'><strong>u.</strong></span> <span class='ocrx_word' id='word_1_219' title='bbox 828 3530 947 3613; x_wconf 78' lang='lat' dir='ltr'><strong>dergl,</strong></span> <span class='ocrx_word' id='word_1_220' title='bbox 977 3530 1056 3592; x_wconf 90' lang='lat' dir='ltr'><strong>oder</strong></span> <span class='ocrx_word' id='word_1_221' title='bbox 1085 3550 1138 3593; x_wconf 84' lang='lat' dir='ltr'><strong>wo</strong></span> 
     </span>
     <span class='ocr_line' id='line_1_31' title="bbox 101 3627 1137 3717; baseline 0.004 -25"><span class='ocrx_word' id='word_1_222' title='bbox 101 3648 138 3692; x_wconf 80' lang='lat' dir='ltr'><strong>es</strong></span> <span class='ocrx_word' id='word_1_223' title='bbox 157 3627 210 3693; x_wconf 68' lang='lat' dir='ltr'><strong>s&#39;ur</strong></span> <span class='ocrx_word' id='word_1_224' title='bbox 228 3644 334 3697; x_wconf 70' lang='lat' dir='ltr'><strong>unum</strong></span> <span class='ocrx_word' id='word_1_225' title='bbox 362 3630 447 3695; x_wconf 86' lang='lat' dir='ltr'><strong>steht</strong></span> <span class='ocrx_word' id='word_1_226' title='bbox 466 3632 524 3696; x_wconf 90' lang='lat' dir='ltr'><strong>mit</strong></span> <span class='ocrx_word' id='word_1_227' title='bbox 543 3630 726 3717; x_wconf 79' lang='lat' dir='ltr'><strong>fulgendum</strong></span> <span class='ocrx_word' id='word_1_228' title='bbox 746 3656 804 3717; x_wconf 83' lang='lat' dir='ltr'><strong>un,</strong></span> <span class='ocrx_word' id='word_1_229' title='bbox 832 3632 896 3694; x_wconf 89' lang='lat' dir='ltr'><strong>und</strong></span> <span class='ocrx_word' id='word_1_230' title='bbox 919 3632 952 3692; x_wconf 87' lang='lat' dir='ltr'><strong>in</strong></span> <span class='ocrx_word' id='word_1_231' title='bbox 978 3641 1137 3716; x_wconf 71' lang='lat' dir='ltr'><strong>numquid,</strong></span> 
     </span>
     <span class='ocr_line' id='line_1_32' title="bbox 100 3731 1137 3830; baseline 0.001 -34"><span class='ocrx_word' id='word_1_232' title='bbox 100 3750 153 3796; x_wconf 79' lang='lat' dir='ltr'><strong>wo</strong></span> <span class='ocrx_word' id='word_1_233' title='bbox 175 3750 208 3793; x_wconf 85' lang='lat' dir='ltr'><strong>ss</strong></span> <span class='ocrx_word' id='word_1_234' title='bbox 229 3731 315 3795; x_wconf 86' lang='lat' dir='ltr'><strong>bloss</strong></span> <span class='ocrx_word' id='word_1_235' title='bbox 336 3732 830 3818; x_wconf 77' lang='lat' dir='ltr'><strong>fragt·oltnenegative1lreil.s</strong></span> <span class='ocrx_word' id='word_1_236' title='bbox 884 3734 980 3830; x_wconf 79' lang='lat' dir='ltr'><strong>Quod</strong></span> <span class='ocrx_word' id='word_1_237' title='bbox 1008 3735 1137 3819; x_wconf 87' lang='lat' dir='ltr'><strong>quidem</strong></span> 
     </span>
     <span class='ocr_line' id='line_1_33' title="bbox 100 3833 1137 3919; baseline 0.002 -23"><span class='ocrx_word' id='word_1_238' title='bbox 100 3833 223 3896; x_wconf 79' lang='lat' dir='ltr'><strong>etiamsi</strong></span> <span class='ocrx_word' id='word_1_239' title='bbox 243 3835 424 3919; x_wconf 87' lang='lat' dir='ltr'><strong>saepissime</strong></span> <span class='ocrx_word' id='word_1_240' title='bbox 446 3835 488 3897; x_wconf 88' lang='lat' dir='ltr'><strong>ita</strong></span> <span class='ocrx_word' id='word_1_241' title='bbox 509 3836 693 3915; x_wconf 76' lang='lat' dir='ltr'><strong>schabest,</strong></span> <span class='ocrx_word' id='word_1_242' title='bbox 725 3848 828 3898; x_wconf 86' lang='lat' dir='ltr'><strong>tamen</strong></span> <span class='ocrx_word' id='word_1_243' title='bbox 850 3855 913 3899; x_wconf 91' lang='lat' dir='ltr'><strong>non</strong></span> <span class='ocrx_word' id='word_1_244' title='bbox 941 3836 972 3896; x_wconf 89' lang='lat' dir='ltr'><strong>in</strong></span> <span class='ocrx_word' id='word_1_245' title='bbox 995 3856 1047 3899; x_wconf 85' lang='lat' dir='ltr'><strong>eas</strong></span> <span class='ocrx_word' id='word_1_246' title='bbox 1068 3850 1137 3899; x_wconf 90' lang='lat' dir='ltr'><strong>tan-</strong></span> 
     </span>
     <span class='ocr_line' id='line_1_34' title="bbox 100 3935 1136 4031; baseline 0.009 -34"><span class='ocrx_word' id='word_1_247' title='bbox 100 3935 263 3997; x_wconf 85' lang='lat' dir='ltr'><strong>tummodo</strong></span> <span class='ocrx_word' id='word_1_248' title='bbox 295 3937 379 4000; x_wconf 88' lang='lat' dir='ltr'><strong>cadit</strong></span> <span class='ocrx_word' id='word_1_249' title='bbox 405 3935 689 4023; x_wconf 77' lang='lat' dir='ltr'><strong>interrogationes,</strong></span> <span class='ocrx_word' id='word_1_250' title='bbox 722 3959 803 4024; x_wconf 90' lang='lat' dir='ltr'><strong>quae</strong></span> <span class='ocrx_word' id='word_1_251' title='bbox 832 3958 857 4031; x_wconf 77' lang='lat' dir='ltr'><strong>a</strong></span> <span class='ocrx_word' id='word_1_252' title='bbox 878 3937 1032 4022; x_wconf 87' lang='lat' dir='ltr'><strong>particula</strong></span> <span class='ocrx_word' id='word_1_253' title='bbox 1059 3961 1136 4006; x_wconf 85' lang='lat' dir='ltr'><strong>num</strong></span> 
     </span>
    </p>
   </div>
   <div class='ocr_carea' id='block_1_7' title="bbox 162 4161 736 4234">
    <p class='ocr_par' dir='ltr' id='par_1_7' title="bbox 162 4161 736 4234">
     <span class='ocr_line' id='line_1_35' title="bbox 162 4161 736 4234; baseline 0.012 -12"><span class='ocrx_word' id='word_1_254' title='bbox 162 4161 195 4234; x_wconf 82' lang='grc'><strong>’1)</strong></span> <span class='ocrx_word' id='word_1_255' title='bbox 214 4167 275 4224; x_wconf 78' lang='lat' dir='ltr'><strong>vta.</strong></span> <span class='ocrx_word' id='word_1_256' title='bbox 293 4168 352 4224; x_wconf 87' lang='lat' dir='ltr'><strong>lud.</strong></span> <span class='ocrx_word' id='word_1_257' title='bbox 371 4169 448 4227; x_wconf 75' lang='lat' dir='ltr'><strong>hoel.</strong></span> <span class='ocrx_word' id='word_1_258' title='bbox 466 4186 509 4228; x_wconf 79' lang='lat' dir='ltr'><strong>sn.</strong></span> <span class='ocrx_word' id='word_1_259' title='bbox 527 4168 736 4230; x_wconf 71' lang='lat' dir='ltr'><strong>MDGCGXVI.</strong></span> 
     </span>
    </p>
   </div>
   <div class='ocr_carea' id='block_1_8' title="bbox 30 4436 166 4520">
    <p class='ocr_par' dir='ltr' id='par_1_8' title="bbox 30 4436 166 4520">
     <span class='ocr_line' id='line_1_36' title="bbox 30 4436 166 4520; baseline -0.015 1"><span class='ocrx_word' id='word_1_260' title='bbox 30 4436 166 4520; x_wconf 64' lang='grc' dir='ltr'><strong>ν·-</strong></span> 
     </span>
    </p>
   </div>
   <div class='ocr_carea' id='block_1_9' title="bbox 0 0 1326 4814">
    <p class='ocr_par' dir='ltr' id='par_1_9' title="bbox 0 0 1326 4814">
     <span class='ocr_line' id='line_1_37' title="bbox 0 0 1326 4814; baseline 0 0"><span class='ocrx_word' id='word_1_261' title='bbox 0 0 1326 4814; x_wconf 95' lang='lat' dir='ltr'><strong> </strong></span> 
     </span>
    </p>
   </div>
  </div>
 </body>
</html>
