2616 4814
202 364 255 423 208
495 446 500 471 ι
545 363 580 418 X.
617 366 750 435 &carpto
767 368 900 439 quaedam

201 532 252 595 bis
281 526 478 608 subiectam,
519 526 580 593 hae
611 528 869 617 interrogationis
902 528 1009 595 forma
1038 534 1245 617 enuntiatam,

202 636 301 697 multo
323 631 490 695 fortiorem
512 632 678 709 continere¹
696 633 918 717 negationem,
951 656 1047 720 quam
1076 636 1103 699 si
1125 637 1243 703 Cicero

202 738 347 799 dixisset:
368 743 497 799 Minime
517 744 551 799 id
571 748 751 801 testamento
771 744 889 802 carelii
908 746 954 822 is,
974 746 1133 820 quietalis
1153 751 1245 822 mansi

201 846 360 905 oraculum
379 844 488 920 erlisla't,
510 845 591 901 millii
606 846 648 901 ad
665 860 724 903 aas
740 849 896 919 pertimere
912 852 986 921 posi
1003 855 1150 925 murteam·
1173 843 1244 928 quis

201 956 265 1019 est,
299 939 439 1024 quinon
461 936 640 1021 intelligat?
682 938 777 1034 Quod
806 938 952 1024 eiigitur
974 942 1242 1007 enuntiationibus

200 1038 456 1125 interrogationis
477 1038 581 1101 forma
601 1040 738 1123 negandi
758 1040 806 1104 vis
826 1040 987 1105 interdum
1008 1041 1147 1125 additur,
1170 1065 1242 1109 cum

200 1165 258 1225 eo,
280 1145 320 1206 de
343 1142 490 1228 quoiam
512 1142 706 1227 disputatur,
727 1142 820 1224 loco,
841 1142 935 1207 etiam
954 1144 1060 1229 quoad
1075 1166 1241 1231 argumen-

198 1247 286 1313 tandi
307 1245 480 1324 rationem,
513 1243 540 1305 is
562 1242 702 1307 conferri
721 1257 846 1329 potest,
878 1244 935 1307 ubi
957 1246 1073 1311 Cicero
1094 1248 1240 1341 (Quaest-

198 1344 475 1429 Tuscul.1,1d),
518 1349 625 1431 »Ergo
655 1346 804 1426 arbores,
836 1345 958 1431 inquit,
990 1362 1077 1412 seret
1106 1350 1240 1433 diligens

199 1452 357 1539 agricola,
389 1471 522 1536 quarum
544 1449 700 1534 adspiciet
725 1448 854 1512 baccam
876 1448 947 1534 ipse
968 1474 1158 1538 numquam:
1190 1455 1239 1517 vir

197 1577 328 1641 magnus
356 1554 461 1638 leges,
495 1552 652 1632 instituta,
684 1549 915 1635 rempublicam
946 1575 1008 1616 non
1038 1554 1170 1620 seretis
1198 1592 1239 1606 —

199 1677 335 1743 quorum
366 1655 494 1739 quidem
522 1653 697 1716 verborum
726 1653 811 1715 hunc
838 1675 962 1716 sensum
996 1675 1082 1719 esse:
1114 1668 1239 1725 missinae

195 1766 266 1839 fieri
289 1769 408 1839 potest,
437 1743 476 1819 ui
502 1764 629 1833 diliqeus
657 1765 791 1834 aqricola
820 1763 946 1821 arbores
976 1773 1077 1842 serat,
1109 1782 1239 1841 quaerum

198 1869 323 1927 baccam
350 1868 415 1939 ipse
442 1878 610 1937 numquam
629 1866 796 1941 adspiciet,
831 1868 881 1925 cir
899 1881 972 1925 cera
999 1883 1130 1943 maanus
1150 1872 1238 1949 leqes,

197 1976 356 2047 mutuata,
375 1983 442 2027 rem
455 1944 614 2043 mellisam
632 1984 697 2031 uma
716 1975 801 2031 serat
803 1985 817 2045 ,·
839 1984 895 2025 sua
907 1977 1020 2049 sponte
1033 1978 1132 2050 patet.
1172 1968 1238 2031 lam

197 2087 277 2135 vero
298 2064 380 2144 loci,
402 2064 443 2126 de
465 2084 529 2150 quo
553 2065 733 2149 quaeritur,
761 2068 1030 2132 constructionem
1051 2084 1237 2155 sequuntus,

197 2173 331 2249 Cicero,
351 2167 412 2229 nisi
434 2167 538 2231 omnia
559 2188 616 2230 nos
638 2166 768 2251 saliunt,
800 2170 944 2234 scribere
968 2193 1097 2257 qnoque
1117 2173 1239 2259 potuis·

198 2288 264 2340 set:
284 2282 529 2354 Haudquaquam
548 2279 675 2337 arbores
695 2282 918 2355 seretddiqeas
933 2286 1084 2360 aqricala,
1106 2298 1239 2359 quarum

196 2386 345 2459 adspiciet
362 2382 486 2439 laesam
506 2384 572 2455 ipse
591 2397 774 2459 numquam,
805 2389 837 2441 et
853 2386 904 2443 air
922 2400 1053 2458 maquus
1069 2389 1164 2463 leqes,
1184 2389 1237 2445 ia-

195 2492 322 2562 stilum,
342 2483 559 2561 rempublicam
577 2498 641 2541 mou
661 2489 761 2542 seret.-
784 2478 865 2542 sicut
888 2479 973 2541 iliius
997 2480 1061 2543 looi
1082 2480 1238 2545 sententia

196 2601 257 2668 per
276 2576 559 2661 interrogationem
580 2597 708 2662 quoque
729 2578 775 2642 sic
793 2579 949 2665 potuisset
970 2579 1098 2646 efferri:
1122 2592 1164 2649 Im
1185 2590 1236 2649 tis

195 2689 375 2766 ommibus
394 2693 485 2762 atque
504 2689 539 2745 ia
558 2688 617 2747 iac
636 2688 840 2749 imbecillitate
857 2697 968 2751 matra
986 2694 1068 2751 iaest
1083 2696 1237 2770 quiddam,

195 2794 278 2869 qssod
295 2793 395 2865 oiqmt
412 2796 444 2849 et
463 2790 591 2866 smiiat,
623 2796 655 2848 el
672 2806 737 2849 uon
755 2795 837 2850 irsest
863 2795 898 2852 iu
917 2794 975 2852 itae
1002 2800 1088 2853 tanto
1106 2800 1237 2854 maturae

195 2904 261 2957 mm
277 2894 437 2970 praeclaro
457 2887 572 2951 usotui
613 2886 731 2950 Sensus
759 2908 886 2972 semper
906 2910 987 2951 unus
1007 2890 1156 2976 idemque
1178 2902 1237 2973 est,

194 2992 249 3071 hic
265 2988 408 3065 ¹sciliceta
442 2996 567 3053 madere
583 2992 787 3073 deripuisse,
814 3003 851 3055 ui
869 2999 904 3056 im
923 2999 973 3057 luis
992 3001 1175 3073 corporibus
1192 3026 1235 3044 -·

194 3094 270 3163 ussit
287 3101 449 3176 quiddam,
469 3098 551 3172 quod
568 3101 668 3171 viaeat
686 3105 718 3158 et
736 3102 864 3175 sentiat,
895 3105 928 3158 et
946 3116 1009 3157 nom
1029 3103 1105 3159 matt
1122 3104 1157 3161 iu
1176 3104 1237 3161 lan

195 3207 280 3261 taeta
298 3205 431 3261 murae
452 3205 516 3257 taos
533 3201 693 3273 praeclaro
713 3205 816 3275 moiu,·
859 3194 1127 3276 quemadmodum
1154 3216 1235 3281 quo·

197 3284 259 3383 q'uc
274 3294 358 3359 hunc
378 3294 486 3365 locum
504 3293 537 3355 in
558 3301 729 3359 Bibliotdels
744 3304 800 3359 der
816 3306 963 3361 meuestsu
974 3303 1141 3381 literatur,
1162 3305 1235 3363 Zd-

194 3407 280 3482 ricls,
310 3405 373 3479 iit.
391 3402 430 3461 B.
454 3404 486 3463 2.
504 3404 551 3461 St.
579 3401 655 3459 otti
673 3402 724 3459 ui.
753 3394 945 3478 explicatum
967 3398 1164 3481 accepimus3
1207 3417 1232 3458 s.

194 3498 325 3563 brevius
345 3494 466 3565 adhue:
494 3504 569 3563 Nau.
590 3508 693 3578 potest
717 3506 752 3562 ia
778 3505 829 3563 leis
857 3506 1035 3579 emporibus
1061 3533 1103 3545 -
1131 3508 1232 3564 inesse

124 3612 129 3635 ‘
195 3596 467 3687 pautams„„quod
479 3610 590 3681 ,csqeat
615 3612 647 3665 et
674 3610 806 3684 sentim,
835 3614 867 3667 et
895 3625 959 3667 uon
984 3612 1084 3667 messe
1112 3611 1147 3667 ia
1174 3610 1233 3669 loc
1271 3668 1275 3675 ,

196 3720 280 3775 tarto
298 3717 430 3773 miserae
451 3717 515 3783 tam
529 3710 690 3785 praeclaro
711 3716 805 3771 autu
846 3704 1034 3768 Tenendum
1054 3703 1168 3781 modo,
1196 3715 1232 3765 ut

196 3803 477 3891 monuimus„itoo
496 3816 563 3887 est,
591 3805 792 3889 negationem
812 3829 909 3887 aeque
928 3827 993 3867 non
1013 3803 1052 3866 ad
1073 3827 1166 3866 unam
1187 3804 1230 3867 al·

195 3917 337 3983 teramre
357 3904 590 3995 propositionis·
604 3919 746 3991 partem,
767 3907 824 3979 sed
844 3907 884 3991 ad
904 3919 1004 3973 totam
1017 3906 1228 3971 ratiocinatio·

196 4029 269 4073 nem
290 4032 359 4077 essa
378 4009 588 4076 referendam.
