2616 4814
120 388 245 495 'saw
358 434 409 494 tv.
440 432 1092 508 mmmmmfflouatquenmm.

207 598 286 683 tuit,
306 600 383 688 quin
403 599 519 666 deindo
538 612 647 667 cewra
666 600 794 665 nomina
814 613 870 666 aut
887 600 1002 664 liadcm
1022 598 1136 665 lormia
1147 600 1245 688 inrig-

206 702 380 784 nirentnr‚-
400 715 471 786 aut,
502 702 531 767 ai
551 704 627 767 aliae
646 701 763 768 format
783 702 954 785 baberent,
985 702 1047 767 bae
1067 704 1157 790 iprae
1176 703 1246 767 ior·

206 824 279 869 mae
306 826 404 893 quum
431 826 492 870 noo
511 827 633 871 marum
657 820 718 870 nuc
737 806 887 870 feminam
905 805 1135 890 aigniiicarent‚
1167 827 1245 870 neu·

205 909 287 973 trine
307 908 434 993 generis
454 907 657 972 haberentur.
690 908 755 971 Sed
776 908 835 971 iata
854 908 998 990 nomina,
1018 928 1101 995 quae
1120 929 1246 973 maecu-

204 1010 263 1074 lini
282 1022 356 1075 eunt
375 1023 408 1074 et
427 1002 573 1074 feminini
593 1010 734 1096 genunio,
767 1030 865 1097 quum
892 1031 986 1075 eexua
1014 1033 1079 1074 non
1098 1012 1190 1077 cadet
1210 1012 1247 1075 iu

203 1132 259 1177 rea
285 1112 353 1176 ietia
379 1111 560 1175 nominibus
586 1126 727 1194 notatae,
760 1114 831 1199 quie
857 1124 922 1177 tam
950 1114 992 1178 ait
1011 1112 1176 1196 inficetas,
1207 1127 1247 1179 ut

203 1228 312 1304 putet,
341 1216 475 1281 concilio
495 1228 529 1279 et
549 1214 685 1302 quadam
705 1210 814 1279 tnbtili
842 1217 1034 1301 cogitatione
1054 1218 1163 1302 potina
1183 1216 1246 1281 bac

204 1338 301 1405 quam
322 1318 378 1381 illa
398 1317 524 1403 generis
545 1317 649 1381 forma
668 1319 813 1405 praedita
833 1319 927 1383 erac?
966 1320 1065 1383 lmmo
1089 1318 1247 1385 credibile

204 1431 273 1501 eat,
303 1418 394 1483 initio
415 1440 526 1483 omnea
546 1421 710 1483 nominum
729 1420 848 1485 formae
869 1422 994 1506 generis
1016 1420 1247 1507 significatione

203 1522 362 1606 comicae,
382 1542 479 1609 quem
498 1522 602 1586 cerina
623 1522 769 1606 demum,
796 1542 931 1586 anuum
952 1524 1120 1589 observate
1140 1524 1247 1587 diver-

202 1624 297 1690 aitate
315 1638 349 1689 et
368 1624 403 1689 iu
422 1624 546 1710 liuguae
567 1623 762 1707 introducta,
782 1625 954 1689 accessione
974 1625 1145 1712 probabile
1165 1638 1245 1689 eote
1271 1632 1274 1639 '

204 1758 247 1778 -
279 1728 330 1789 Re
358 1742 437 1791 vcra
464 1724 594 1790 infitiari
620 1747 684 1790 non
705 1741 896 1813 poscumus,
926 1726 960 1789 in
981 1719 1028 1791 eia
1047 1728 1182 1813 lingula,
1212 1729 1246 1790 in

203 1826 320 1915 quibua
347 1826 544 1892 aubatantiva
572 1846 625 1891 rea
653 1828 836 1893 inanimatae
863 1828 1057 1914 designantia
1084 1830 1116 1892 in
1145 1830 1248 1893 nomi·

202 1950 281 1993 num
299 1926 549 1993 masculinorum
571 1940 606 1993 et
625 1926 851 1995 femininorum
868 1950 1037 1994 numerum
1050 1928 1247 2011 referuntur,

200 2030 292 2115 illae,
321 2054 399 2119 quae
418 2032 518 2095 modo
537 2030 784 2116 proposuimua‚
811 2032 939 2116 regulae
959 2024 1171 2116 non'eemper
1191 2030 1247 2095 ob-

200 2134 344 2216 amari,
375 2133 542 2219 multaque
561 2133 595 2195 in
615 2133 694 2217 ipsiu
714 2133 854 2218 reperiri
873 2133 1019 2214 nomine,
1052 2131 1248 2219 quibua,-ai

201 2254 314 2300 eorum
334 2234 478 2299 subiecta
497 2234 705 2318 respicimur,
739 2233 900 2299 diversum
919 2233 1033 2318 plane,
1064 2254 1160 2319 quem
1182 2250 1246 2321 'quo

200 2338 457 2424 praeditum,
491 2333 698 2397 tribuendum
721 2334 833 2400 iubeat
853 2356 970 2421 genua,
1003 2335 1094 2399 onina
1113 2337 1165 2400 rei
1183 2358 1248 2399 ma·

200 2440 323 2504 ximum
342 2438 572 2500 documentum
591 2447 666 2500 aunt
686 2436 720 2498 iu
740 2436 848 2522 lingna
867 2436 1058 2502 Germanica
1080 2446 1129 2503 dle
1143 2447 1249 2504 sonno

202 2553 237 2605 et
257 2550 313 2607 der
330 2548 446 2623 Mona,
468 2553 607 2624 quorum
628 2538 791 2601 nominum
811 2559 910 2623 genua
931 2538 1083 2603 aubiactir
1098 2539 1176 2624 ipaia
1195 2540 1249 2603 de·

201 2642 333 2727 aignetia
349 2641 481 2704 minime
498 2640 684 2722 convenire,
705 2640 856 2727 quincei,
877 2642 933 2729 qui
953 2663 1017 2705 non
1035 2642 1171 2706 sentiat?
1191 2638 1250 2704 tti-

159 2746 162 2753 '
201 2745 288 2809 nimo
317 2744 417 2829 igitur
448 2762 562 2807 eorum
592 2743 747 2807 contentia
775 2736 985 2830 vituperanda
1011 2744 1158 2824 ridetur,
1193 2742 1250 2831 qui

203 2846 418 2927 contendunt,
439 2865 585 2928 cauaema
606 2868 701 2932 quam
720 2859 857 2932 propter
873 2860 984 2911 rerum
1005 2846 1249 2909 inanimatorum

202 2950 331 3015 nomine
351 2947 538 3029 masculini,
570 2948 625 3012 vel
644 2946 787 3011 lbminini
808 2949 934 3031 gener-ia
954 2945 1153 3026 habeantur,
1183 2968 1251 3011 nou

202 3052 238 3115 in
256 3051 291 3117 vi
312 3063 345 3115 et
364 3048 615 3137 significatione,
637 3050 695 3115 aed
715 3050 748 3112 iu
767 3047 871 3110 forma
890 3047 998 3132 potina
1020 3058 1116 3131 atque
1136 3049 1250 3112 termi-

202 3153 332 3218 natione
349 3152 494 3239 ipaorum
515 3152 730 3239 quaerendam
752 3168 830 3213 eece.
882 3149 927 3211 At
946 3167 1026 3213 vero
1057 3168 1122 3234 quo
1143 3149 1248 3215 minua

202 3252 286 3319 banc
305 3255 493 3321 senteutiam
512 3274 646 3341 proraua
667 3251 912 3338 amplectemur,
944 3248 979 3313 id
1000 3248 1126 3333 obstat,
1159 3253 1248 3339 quod

203 3358 291 3422 nulla
313 3356 385 3422 iero
408 3377 537 3438 earum,
559 3356 601 3419 ad
622 3376 699 3440 quaa
720 3353 917 3440 grammatici
937 3353 1066 3419 diversa
1083 3354 1248 3418 nominum

204 3479 324 3547 genera
343 3476 501 3524 revocare
520 3468 700 3538 tentarunt,
727 3456 912 3543 regularum
933 3469 1053 3536 exalat,
1080 3477 1163 3544 quae
1182 3478 1247 3522 non

204 3561 404 3651 quibusdam¹
415 3558 529 3623 aeltem
548 3559 790 3647 aceptionibua
812 3559 952 3625 obnoxia
971 3559 1014 3624 tit
1027 3557 1070 3643 ¹)a

205 3738 427 3761 *ιι-..-

274 3854 307 3926 1)
330 3844 525 3909 neumam
541 3858 568 3908 t.
583 3858 612 3925 g.
627 3866 682 3908 non
699 3851 831 3926 exignum
850 3851 1023 3907 (imacornm
1040 3848 1071 3907 lu
1089 3858 1129 3911 ος
1146 3868 1246 3908 exeun·

146 3986 150 3995 .
204 3942 278 4001 tium
296 3942 539 3999 aubatantivorum
556 3942 694 3998 amandae
715 3941 908 3997 declinationi·
925 3946 1091 4007 numeram,
1111 3958 1200 4011 quac,
1217 3942 1246 3995 ln

205 4040 289 4105 parta
304 4032 365 4086 elno
375 4032 450 4087 omni
459 4031 618 4089 anfflclcntc
629 4033 749 4099 tutione,
768 4030 896 4087 lemlnlai
907 4030 1018 4103 geuene
1027 4035 1100 4087 aaut
1132 4033 1246 4103 Quanta

206 4128 252 4178 cat
276 4136 362 4192 porro
379 4122 490 4193 generi·
508 4120 660 4177 divanitaa
683 4123 713 4177 in
732 4117 918 4176 eubatantiria
942 4118 1061 4175 Italicae
1079 4116 1196 4191 linguae
1216 4118 1247 4173 lu

206 4225 223 4270 t
240 4208 448 4269 deeluntlbual
473 4227 503 4269 v.
520 4212 663 4270 Forum
688 4208 802 4269 Italian
819 4208 1010 4285 fluncblclm
1026 4227 1055 4282 p.
1072 4208 1109 4267 bd
1124 4226 1167 4279 aq·
1207 4208 1246 4263 at
