2616 4814
169 415 222 476 122
327 415 360 472 V·
393 418 435 471 Dc
450 415 571 485 portium
587 413 716 475 ordienda
733 414 822 471 indole
839 422 1043 488 acquestum.

128 574 131 579 ’
169 592 204 645 ιι
222 581 255 641 in
274 580 380 643 medio
399 580 568 665 proposita
585 593 674 661 sunt,
705 581 780 668 qui,
809 581 985 664 rationem,
1012 603 1074 667 qua
1100 582 1204 645 notio·

167 702 225 753 nes
245 681 422 745 nominibus
443 681 689 766 comprehensae
718 683 803 745 iuter
827 702 868 763 ιι,
883 695 937 745 aut
965 703 1037 746 cum
1057 681 1127 746 aliis
1148 702 1204 745 no·

166 784 306 849 tionibus
326 784 493 868 copulatae
513 784 593 865 sint,
615 784 774 868 triplicem
795 805 863 849 esse
886 784 1097 865 contendens,
1126 804 1203 869 pro·

166 898 204 947 ut
220 898 277 948 aut
304 884 500 951 inhaerentia
524 887 739 968 contineatur,
770 899 825 950 aut
847 887 1116 972 consequutlona,
1150 897 1205 947 aut

167 988 407 1069 communione,
428 987 663 1067 »Inhaereutia,
684 989 805 1075 inquit,
825 988 952 1069 dicitur,
974 1009 1036 1073 qua
1057 987 1135 1072 quid
1151 998 1205 1048 aut

166 1089 338 1152 substantia
359 1103 426 1171 est,
456 1104 509 1153 aut
529 1090 693 1173 accidens3
735 1092 939 1170 consecutio,
968 1111 1031 1176 qua
1053 1089 1130 1174 quid
1150 1100 1206 1151 aut

166 1210 258 1254 eausa
282 1202 346 1268 est,
368 1202 422 1253 aut
443 1189 594 1273 effectus3
628 1195 808 1257 communio
830 1191 986 1277 denique,
1016 1213 1078 1276 qua
1097 1202 1204 1273 partes

165 1305 276 1385 sputuo
297 1290 483 1356 efficientiae
505 1315 590 1358 nexu
611 1297 798 1380 conjunctae
819 1306 923 1358 sunta
967 1294 1053 1384 Quas
1076 1292 1207 1377 quidem

164 1394 335 1459 relationes
356 1407 524 1479 postquam
548 1395 795 1459 demonstratum
816 1395 905 1458 dedit
926 1392 1049 1457 casibus
1069 1405 1206 1457 tantum·

164 1496 261 1561 modo
283 1496 421 1581 obliquis
443 1497 600 1583 exprimi,
627 1499 670 1561 ita
690 1498 813 1582 pergit:
851 1495 1014 1561 »Primum
1033 1493 1205 1556 substantia

165 1599 347 1683 designatur
368 1610 612 1688 casnpeaittco,
639 1613 675 1664 ut
696 1619 770 1663 cum
788 1598 1205 1685 dicimus„Atlsettienaium

164 1707 343 1781 respublica.
375 1701 411 1761 ln
429 1701 545 1786 quibus
561 1701 669 1767 verbis
684 1701 841 1787 genitivus
858 1707 1092 1766 Atheniensium
1107 1696 1206 1760 Athe·

162 1801 287 1863 aienses
308 1812 344 1863 ut
364 1800 571 1866 substantiam
591 1803 731 1888 cogitare
751 1800 860 1885 jubet,
892 1801 1002 1885 cujus,
1037 1799 1123 1886 quod
1149 1799 1204 1862 de·

164 1901 240 1965 inde
255 1901 613 1988 additur,'reepubla'ca,
636 1903 782 1967 accidens
799 1916 854 1966 est.
898 1902 981 1965 Illud
1002 1923 1080 1967 vcro
1098 1903 1131 1964 in
1145 1902 1205 1965 hac

163 2022 202 2067 re
222 2022 415 2087 magnopere
436 2005 612 2069 cavendum
634 2019 699 2087 ιιι,
732 2024 772 2072 ne
800 2005 871 2089 quis
901 2003 1036 2067 obscura
1066 2004 1203 2089 quadam

165 2117 198 2168 et
222 2124 360 2167 morosa.
378 2106 554 2169 subtilitate
583 2106 760 2169 adhibenda
790 2106 830 2168 ad
850 2106 977 2168 inutiles
999 2105 1205 2189 disputatiun-

165 2207 251 2273 culae
275 2206 452 2287 delabatur.
481 2242 524 2273 ι-
550 2210 745 2272 Enimvero
769 2208 803 2269 in
823 2227 972 2269 sermone
991 2226 1056 2270 non
1077 2227 1205 2291 semper

163 2307 333 2393 spectanda
362 2320 412 2370 est
439 2309 489 2370 rei
515 2308 632 2391 ipsius,
666 2310 707 2372 de
738 2331 800 2392 qua
827 2309 1004 2392 loquimur,
1037 2321 1203 2373 naturast

165 2409 325 2486 conditio,
357 2409 416 2469 sed
434 2408 515 2468 illud
536 2408 680 2492 inprimis
704 2408 877 2472 videndum
897 2422 962 2488 est,
994 2394 1203 2495 quarationa

164 2530 308 2597 quaeque
335 2509 424 2570 notio
457 2529 585 2593 quoque
614 2509 647 2571 in
674 2509 748 2572 loco
777 2522 810 2573 et
841 2530 988 2574 sermone
1010 2514 1205 2576 considerari

164 2613 287 2690 debeat.
311 2647 353 2671 -ψ
374 2610 592 2707 Quamobrem
616 2613 672 2701 qui
691 2611 825 2698 genitivi
846 2632 934 2676 casus
951 2614 1017 2677 vim
1031 2629 1120 2680 recte
1131 2637 1206 2700 per·
1249 2649 1256 2655 ·

164 2713 288 2800 spicere
307 2712 396 2794 uult,
419 2713 458 2775 ad
479 2714 541 2777 hoc
563 2714 763 2798 potissimum
783 2713 921 2778 animum
942 2716 1039 2780 debet
1060 2720 1206 2783 adverte·

163 2837 217 2899 re,
251 2805 357 2901 quod,
390 2814 641 2903 quotiescunque
670 2816 799 2901 aliquod
828 2837 945 2887 nomeu
965 2820 1107 2901 genitivo
1130 2840 1205 2882 casu

46 2925 50 2931 '
163 2916 352 2996 adhibetur,
386 2937 513 3001 semper
542 2939 594 2981 res
620 2919 663 2986 ita
683 2919 859 3003 cogitatur,
892 2933 928 2986 ut
950 2941 989 2982 ex
1011 2941 1047 2982 ea
1068 2921 1206 3003 pendeat

165 3020 226 3088 alia
251 3039 306 3081 res
326 3030 487 3103 tamquam
515 3019 636 3108 aliquid
663 3021 895 3097 accessorium,
932 3020 1001 3106 ipsa
1032 3033 1136 3082 autem
1164 3041 1205 3084 ex
1246 3098 1248 3103 ,

163 3121 258 3188 nulla.
271 3139 308 3183 re
328 3121 565 3209 pendeat,'sed
586 3120 652 3186 sola
672 3143 732 3207 per
753 3141 787 3183 sa
808 3132 958 3183 constet«
1008 3120 1054 3181 lta
1075 3119 1205 3207 quidem

163 3226 372 3287 Hermaunus.
430 3224 474 3285 At
504 3243 584 3288 tero
618 3242 687 3284 rem
715 3221 742 3285 si
774 3219 929 3282 adtentius
958 3220 1205 3306 consideramus,

163 3323 347 3410 primariam
367 3324 399 3385 in
421 3323 484 3389 illis
504 3324 612 3389 verbis
644 3327 898 3403 [Atluuieusium
918 3327 1110 3407 respublica)
1140 3345 1205 3388 non

163 3424 475 3513 ciscissensium,
508 3424 565 3488 sed
586 3425 694 3516 potius
723 3420 763 3491 τὸ
785 3431 956 3507 respublica
984 3422 1128 3510 designat
1148 3447 1204 3489 no·

163 3526 300 3615 tionem,
330 3527 403 3618 quia
424 3526 484 3591 hac
505 3547 605 3607 voce,
627 3527 659 3589 in
681 3525 875 3592 nominativo
898 3525 1068 3605 collocata,
1090 3526 1123 3588 id
1143 3527 1206 3612 sig-

164 3630 328 3711 nificatur,
350 3630 391 3693 de
412 3648 476 3715 quo
497 3628 577 3717 quid
600 3628 757 3698 enuntiari
776 3629 887 3713 possit.
930 3628 1205 3694 GenitivusAtlte-

163 3743 317 3802 comtum
337 3733 419 3816 jam,
453 3742 607 3813 utsupra
629 3731 846 3800 demonstrare
869 3731 974 3793 conati
994 3751 1118 3810 sumus,
1151 3731 1206 3792 ad·

164 3837 275 3922 jectivi
294 3831 533 3919 pronominiave
554 3831 640 3898 subit
659 3833 782 3914 vicem,
805 3851 944 3918 quorum
965 3830 1014 3893 vis
1035 3830 1067 3895 in
1089 3851 1128 3892 eo
1147 3852 1205 3913 po·

166 3938 225 4001 sita
246 3950 314 4014 est,
347 3949 384 4000 ut
405 3935 556 4020 qualitate
578 3934 682 3997 addita
711 3935 765 4001 vel
786 3930 996 3997 accidentium
1025 3931 1131 4017 aliquo
1153 3932 1206 3995 ad·

167 4040 275 4102 iuncto
297 4037 331 4099 id
351 4036 568 4117 individuum,
594 4037 635 4101 de
656 4056 720 4123 quo
741 4056 846 4100 sermo
869 4046 934 4113 est,
957 4034 1132 4097 accuratius
1151 4033 1206 4097 de·

167 4140 302 4265 signppt.
353 4139 627 4243 Quemadmodum
657 4141 755 4233 igitur
783 4139 816 4249 in
841 4136 891 4207 tis
913 4135 1020 4205 verbis
1040 4145 1206 4211 aodimus
