2616 4814
529 431 698 493 commentat.
717 429 765 490 [il.
808 441 813 461 ·
1119 423 1170 480 1o1

131 595 213 659 itanc
234 595 481 680 adpellationem,
498 596 646 680 opinatur
666 592 823 677 originem
842 589 986 669 traxisse,
1008 586 1095 675 quod
1110 605 1167 650 vo·

132 717 170 760 ce
198 720 291 770 casus
319 697 412 760 etiam
433 684 508 774 pinis
535 697 733 760 contineatur
753 691 958 780 significatio,
1001 689 1034 752 ia
1055 690 1168 754 Latina
1259 690 1264 705 ¹

73 828 76 832 ’
131 799 334 883 νενολίἰηςυα
346 799 447 866 omnis
462 798 630 861 declinatio
644 795 874 860 terminationis
887 794 1061 858 mutatione
1075 790 1113 857 fit
1124 795 1167 874 ¹).

130 901 242 984 Longe
263 901 355 964 aliter
376 901 417 964 de
437 899 498 964 hac
518 922 554 963 re
575 900 781 984 Peripatetici
802 897 1001 977 iudicarunt,
1032 894 1115 957 sicut
1135 906 1169 955 ct

127 1002 250 1082 Stoici,
282 1003 402 1088 quique
422 1003 481 1064 bos
505 1005 606 1066 secuti
626 1017 699 1067 sunt
720 1001 942 1080 Grammatici3
985 1019 1067 1085 quac
1088 1016 1168 1089 vcro

130 1103 180 1164 illi
208 1102 249 1189 de
270 1126 308 1166 ea
337 1104 560 1185 tradiderunt,
599 1127 662 1167 non
690 1104 751 1167 nisi
780 1119 848 1169 tum
868 1113 1021 1187 poterunt
1041 1098 1169 1185 adponi,

131 1227 230 1295 quum
250 1205 447 1290 singulorum
475 1227 603 1276 casuum
623 1207 688 1275 vim
707 1218 962 1292 potestatemque
991 1201 1170 1267 accuratius

130 1309 436 1394 investigaverimus.

152 1422 155 1435 ¹
212 1413 277 1480 Nos
298 1409 448 1495 profecto
470 1431 531 1476 nec
551 1413 709 1498 cogitare,
729 1432 789 1501 nec
810 1409 985 1495 quidquam
1005 1403 1170 1499 enuntiare

129 1533 316 1598 possumus,
338 1513 399 1574 nisi
419 1515 477 1593 sit,
499 1515 586 1599 quod
606 1529 733 1578 nostrae
753 1513 958 1576 subiiciamus
977 1505 1170 1591 contempla·

129 1613 229 1693 tioni,
259 1627 293 1678 et
312 1615 353 1682 de
374 1635 438 1699 qno
469 1617 606 1701 cogitata
625 1630 731 1680 nostra
752 1613 974 1701 proferamus3
1005 1609 1069 1673 boc
1089 1628 1170 1674 vcro

130 1716 164 1778 id
187 1737 274 1796 esse,
293 1716 381 1803 quod
400 1739 419 1778 a
440 1719 659 1784 Grammaticis
681 1718 816 1805 subiecti
836 1716 966 1779 nomine
986 1712 1171 1797 insignitum

130 1818 332 1894 substantivis
362 1818 564 1901 designetur,
596 1821 657 1880 iam
685 1820 748 1881 alio
774 1819 848 1880 loco
876 1815 1008 1879 anobis
1028 1824 1172 1875 notatum

130 1936 188 1984 est.
231 1918 507 2016 Quemadmodum
528 1918 627 2002 igitur
648 1921 722 1984 illae
743 1919 936 1986 substantiae
948 1917 1016 1979 sive
1029 1915 1083 1976 illa
1098 1913 1171 1975 sub·

129 2025 212 2087 iacta
225 2007 370 2106 primum
383 2020 625 2104 cuiuscunque,
658 2043 752 2105 quam
774 2021 896 2084 animus
917 2017 1053 2097 format,
1085 2015 1173 2098 cogi·

129 2127 257 2210 tationis
278 2121 515 2206 sententiaeque
536 2135 693 2203 occupant
712 2122 839 2200 locum,
869 2121 917 2185 sic
946 2139 1076 2205 quoque
1096 2115 1172 2179 sub·
1282 2198 1285 2207 ,

129 2226 282 2306 stantiva,
316 2224 431 2309 quibus
452 2223 507 2286 iila
530 2223 767 2306 exprimuntur,
798 2222 831 2284 in
853 2218 1044 2307 quacunque
1075 2219 1173 2291 enum*

129 2328 260 2393 tiatione
288 2325 503 2411 principatum
532 2323 694 2404 obtinent,
726 2325 770 2386 ita
798 2337 834 2386 ut
862 2309 918 2386 iila
943 2324 1016 2408 ipsa
1041 2343 1060 2386 s
1086 2321 1175 2384 uussa
1225 2324 1244 2369 ‘1

129 2431 191 2492 alia
208 2428 370 2512 'pendeant
390 2445 491 2507 voce,
524 2427 649 2511 reliqua
669 2446 751 2492 vero
772 2423 939 2488 omniasb
959 2427 1005 2487 eis
1027 2422 1173 2509 proficis·

130 2542 261 2594 cantur:
289 2549 371 2612 quae
392 2549 473 2590 vero
495 2528 536 2590 ad
556 2528 733 2591 subiectum
754 2527 977 2594 enuntiationis
995 2525 1173 2611 significan·

130 2632 207 2694 dum
228 2630 396 2692 adhibetur
416 2628 606 2691 substantivi
627 2628 748 2707 forma,
773 2639 1042 2694 commitantibus
1064 2629 1173 2712 adpel.

129 2732 225 2793 latur.
276 2730 312 2788 In
333 2742 524 2812 unaquaque
545 2748 623 2812 ergo
644 2729 858 2798 enuntiatione
878 2730 1000 2794 directa
1020 2727 1173 2813 finitaque

130 2829 341 2897 nominativus
363 2841 466 2900 exstet
481 2849 612 2891 neccsse
626 2841 689 2908 est,
712 2829 765 2893 vel
781 2849 896 2897 revera
918 2850 1098 2921 expressus,
1118 2829 1174 2896 vel

130 2933 165 2997 in
184 2932 286 3003 verbo
308 2930 424 2994 latens:
448 2951 510 3001 nec
530 2952 549 2993 a
568 2951 648 2996 vero
668 2951 726 2993 nos
747 2929 897 2992 aberrare
918 2933 1097 3015 opinamur,
1119 2930 1173 2993 ad·
1268 2976 1281 3001 ,.

129 3033 303 3113 firmantes,
322 3053 363 3098 ne
384 3052 437 3095 eas
460 3033 589 3117 quidem
609 3030 789 3110 sententias,
811 3052 893 3116 quae
914 3053 977 3117 ope
998 3032 1174 3097 verborum

130 3161 149 3200 a
170 3136 286 3199 Stoicis
313 3134 619 3225 ’παρασυμβὰματα
648 3135 701 3197 vel
727 3133 1088 3226 παρακατηγορὴματα
1116 3135 1173 3199 sd.-

128 3240 321 3325 pellatorum
341 3235 496 3301 formatae
516 3251 608 3319 sunt,
633 3238 724 3322 lege,
739 3257 839 3323 ,mam
859 3236 929 3322 ipsa
948 3249 1062 3304 natura
1082 3233 1170 3302 ierre

129 3342 275 3420 videtur,
296 3337 414 3401 solutas
436 3359 505 3403 esse
524 3341 569 3424 ²).

132 3479 352 3501 W

200 3574 230 3642 1)
260 3570 373 3638 „Dicae
390 3570 480 3630 Artos
498 3569 549 3625 der
565 3570 768 3646 Verindernng
790 3572 841 3628 dor
857 3571 1044 3649 Nsnntvbricr
1060 3571 1172 3626 baissau

131 3663 235 3728 cuns,
263 3679 320 3718 von
337 3662 429 3719 einsm
449 3661 643 3718 Lstsiniscbcn
659 3664 777 3730 warte,
803 3664 926 3733 ,welches
951 3665 1048 3735 (nebat
1067 3662 1170 3719 andorn

130 3754 350 3824 Bedeutuugcn,
370 3771 394 3808 a.
411 3753 444 3805 B.
464 3754 539 3817 Fati)
560 3753 632 3806 auch
652 3754 700 3810 dus
719 3756 857 3822 Ausbdrsn
875 3752 1028 3818 badeutct,
1046 3750 1113 3807 voil
1130 3750 1171 3823 inp

131 3839 326 3895 Lateiniscben
352 3841 429 3901 disse
447 3842 652 3914 benderungen
677 3843 722 3896 die
741 3843 862 3914 Endung
880 3840 1050 3897 betreffom“
1082 3838 1171 3900 Silve-

129 3938 185 3991 stre
202 3935 234 3993 dc
253 3933 331 4000 Saea.
349 3951 376 4001 p.
393 3932 452 3989 121.
1027 3916 1030 3921 ”
1158 3994 1161 3999 ,

197 4019 229 4089 20
246 4020 348 4075 narrt·
366 4021 479 4091 quidem
495 4021 524 4077 iu
542 4020 617 4076 libro
635 4024 745 4077 Herma
761 4040 793 4078 or
809 4041 830 4077 a
844 4021 1047 4091 Philosopbiesi
1058 4020 1171 4093 Inquiro

130 4109 297 4188 smrcrning
318 4111 459 4170 Universa!
479 4111 623 4165 Granum
640 4113 686 4177 (Β,
704 4112 743 4165 Π.
763 4111 814 4166 Gb.
831 4109 883 4164 IV.
898 4127 926 4182 p.
942 4108 1017 4185 ὃὸ).
1052 4094 1172 4189 „Tbcrp

129 4206 198 4267 arsy
221 4195 259 4250 bs
283 4194 428 4271 mogum
449 4205 611 4276 unm,
645 4197 761 4273 inquit,
792 4195 887 4258 vbicb
909 4212 977 4274 may
999 4198 1039 4255 bs
1063 4196 1171 4272 parim
