2616 4814
496 449 720 517 commu
941 531 945 539 ¹
1094 450 1134 511 ss

90 612 219 675 omnino
239 607 405 677 adiectivis
424 612 626 679 adnumerari
648 612 804 694 debeant,
835 614 904 698 ipsa
924 626 1046 695 umen,
1077 636 1130 682 aa·

89 736 153 800 qua
179 737 275 801 quam
303 715 478 794 adiectiva,
511 737 530 779 a
559 716 760 781 substantivis
788 734 923 800 prorsus
953 719 1131 803 separanda

90 838 179 897 esse,
198 818 262 879 iam
283 818 358 881 inde
372 829 484 901 patet,
505 818 592 903 quod
609 816 699 898 baec,
721 830 758 881 ut
777 839 818 881 ex
839 820 1044 903 sequentibus
1060 822 1129 883 elu-

88 919 191 1000 cebit,
222 921 333 1004 plures
362 920 395 983 iu
422 941 518 983 uuam
545 920 706 983 notionem
736 920 920 984 coniunctas
950 922 1128 1005 qualitates,

86 1035 248 1106 tamquam
267 1020 474 1085 substantiam
495 1022 739 1100 constituentes,
759 1034 814 1101 aut
828 1044 922 1085 unam
935 1024 1037 1086 sclam
1053 1048 1129 1110 qua·

86 1125 227 1207 litatem,
247 1137 284 1189 ut
303 1146 365 1209 per
385 1145 420 1188 se
440 1137 632 1204 exstantem,
656 1124 712 1187 illa
731 1143 810 1188 vero
833 1124 971 1209 singulas
995 1128 1129 1211 qualita-

86 1236 156 1306 tes,
186 1239 348 1313 umquam
373 1225 554 1290 substantiis
582 1226 744 1291 adiunctas
769 1237 805 1289 et
822 1227 1041 1311 inhaerentes,
1073 1230 1128 1294 de-

86 1327 212 1413 signant
229 1329 273 1411 Ι),
802 1399 806 1407 ,

168 1430 368 1511 Aristoteles,
388 1444 425 1493 ut
439 1430 525 1494 bunc
542 1424 807 1515 pbilosophorum
823 1429 1002 1517 principem
1021 1435 1129 1519 primo

86 1528 160 1595 loco
181 1551 318 1614 ponam,
343 1536 503 1614 attamen,
522 1533 645 1618 inquit,
664 1544 714 1595 est
735 1552 796 1596 vox
817 1536 1011 1619 composita,
1032 1537 1130 1622 signi·

85 1631 211 1697 ficativa
231 1634 299 1696 sine
320 1634 475 1719 temporis
494 1646 589 1713 nota,
621 1633 710 1697 cuius
729 1654 805 1718 pars
826 1636 914 1699 nulla
935 1650 984 1700 est
1011 1659 1072 1723 per
1092 1660 1129 1705 sc

85 1734 311 1821 significativas
346 1758 418 1799 nam
438 1738 470 1799 in
491 1735 672 1819 duplicibus
695 1736 905 1819 (nominibus)
928 1740 1014 1801 nulla
1034 1753 1129 1823 parte

85 1837 224 1917 utimur,
254 1850 291 1901 ut
312 1839 408 1901 etiam
427 1838 496 1921 ipsa
515 1858 576 1921 per
595 1857 630 1899 se
651 1835 824 1921 significem
852 1839 952 1901 veluti
972 1841 1004 1901 in
1028 1849 1129 1909 Theo-

84 1949 176 2024 dora,
195 1950 297 2005 dorca
315 1939 396 2001 nibil
416 1938 591 2023 significate
605 1939 650 2020 2).
699 1941 769 2001 Hac
789 1959 868 2003 vero
895 1942 1031 2003 nominis
1052 1942 1130 2007 deli·

83 2040 224 2118 niticne,
256 2060 295 2102 eo
320 2060 450 2124 quoque
477 2040 643 2102 laborante
671 2038 769 2119 vitio,
803 2041 890 2124 quod
918 2062 987 2104 rem
1007 2056 1130 2109 tantum

84 2154 176 2204 notet
196 2141 409 2220 declarando,
438 2140 517 2225 quid
536 2161 599 2203 nou
622 2140 664 2203 sit
683 2141 717 2202 in
736 2141 811 2222 illa,
832 2141 932 2225 ipsius
951 2144 1017 2207 tim
1036 2145 1130 2207 mini·

83 2261 138 2305 me
156 2241 314 2325 exprimi,
334 2243 398 2304 iarn
419 2240 494 2305 iude
515 2241 660 2326 adparet,
680 2243 770 2327 quod
790 2241 847 2305 illa
861 2243 1016 2307 maiorem
1032 2244 1129 2309 etism
1189 2232 1194 2240 ¹

84 2342 311 2409 adverbiorum
334 2362 519 2422 numerum,
542 2362 579 2405 es
598 2344 739 2423 scilicet,
761 2364 844 2429 quae
864 2343 985 2407 nullam
1005 2357 1130 2431 tempo·

83 2444 129 2507 ria
151 2444 270 2508 babent
290 2443 572 2531 significationem,
593 2445 862 2531 amplecteretur,
884 2464 967 2545 quae
979 2446 1131 2533 profecto

86 2600 307 2621 ψ

85 2708 206 2766 conditio
231 2707 287 2776 sit,
315 2720 367 2780 per
391 2724 423 2764 se
446 2721 501 2765 nott
526 2704 721 2781 intelligetur,
749 2705 779 2764 in
802 2706 962 2767 nominibus
978 2708 1129 2768 edicetirls
1175 2698 1180 2705 ’

86 2798 212 2867 ponenda
230 2804 314 2862 sunt,
339 2796 527 2866 sicquidem,
555 2802 588 2850 ut
605 2813 624 2850 a
644 2804 757 2852 caetera
775 2794 979 2853 adlectivornm
996 2798 1130 2855 multitu-

86 2884 151 2937 dine
168 2902 202 2939 co
222 2885 373 2950 differant,
397 2886 474 2953 quod
489 2884 721 2956 significationem
737 2884 899 2938 adiunctam
915 2886 1039 2941 babeant
1055 2894 1129 2942 tcm-

84 2971 178 3043 poris,
208 2989 266 3042 quo
291 2972 359 3043 quid
383 2972 481 3042 aliqua
505 2971 664 3027 conditione
685 2968 725 3025 stt
747 2970 935 3039 praeditum.“
976 2975 1130 3031 diemde

83 3062 190 3115 emend.
210 3061 278 3116 ttae
299 3061 540 3131 Gr.Gr.p.182.

151 3168 183 3235 1)
201 3164 361 3236 separatim
380 3145 455 3241 napi
478 3146 651 3238 ὀνομάτων
669 3167 745 3219 teste
763 3106 850 3219 Saite
866 3166 908 3231 (v.
924 3145 1130 3242 ’Τπερὲχιος

83 3272 114 3320 et
137 3251 369 3326 Ἀπολλώνιος
399 3247 656 3342 Ἀλεξανδρεύς)
682 3267 844 3343 ιοιίριοιτιιι
865 3268 973 3323 librum
997 3271 1129 3341 Hypere-

84 3352 401 3420 obambulantium,
430 3352 481 3423 qui
498 3352 677 3424 imperatoris
695 3354 834 3412 Marciani
850 3355 1026 3425 temporibus
1044 3357 1126 3424 vixit,
1218 3350 1221 3355 ’

10 3482 14 3488 .
84 3439 157 3493 sicut
180 3444 213 3494 et
230 3440 395 3509 Apollonius
421 3436 626 3496 Alexandrinus
651 3438 807 3515 Dyscolus,
836 3460 919 3513 quem
947 3438 982 3498 ds
998 3444 1127 3499 omnibns

85 3520 283 3598 grammatices
309 3525 440 3599 partibus
463 3528 568 3599 optime
585 3525 719 3587 nter-itum
735 3544 814 3600 esse,
843 3528 918 3589 teter
943 3546 1038 3590 omnes
1061 3547 1126 3585 eon·

48 3620 51 3624 ”
84 3621 151 3670 siut.

151 3698 331 3796 t)''0vcpc'c
351 3700 537 3802 irutbuaij
556 3708 721 3796 caveat,
745 3709 929 3802 σημαντικὴ
948 3705 1025 3775 sirau
1041 3705 1125 3800 ’χρὸὃ

85 3827 164 3885 νου,
194 3793 235 3896 ἧς
255 3807 358 3898 μέρος
380 3801 474 3875 οὒδὲν
497 3806 543 3889 ἐςι
566 3808 645 3875 καθ’
666 3804 750 3878 αὑτὸ
780 3808 983 3901 σημαντικόν
1006 3806 1037 3876 ἓν
1058 3809 1125 3901 γὰρ

85 3910 159 3981 τοῖς
180 3907 314 3982 διπλοῖς
337 3903 377 3977 ot’t
398 3906 584 3999 χρώμεθα,
607 3900 653 3981 ὣς
676 3907 731 3976 καὶ
753 3906 841 3979 cited
864 3910 943 3976 καθ’
964 3905 1050 3978 citro*
1073 3915 1126 4001 cij-

87 4007 219 4093 μαῖνον·
258 4006 346 4088 οἷον,
376 4002 407 4076 ἓν
429 4008 480 4095 τῷ
503 4006 713 4101 Θεοδώρῳ,
744 4011 807 4088 τό,
832 4010 972 4102 δῶρον,
1003 4007 1048 4077 οὔ
1073 4030 1126 4098 ep·-

88 4101 203 4187 μαίνει.
246 4116 395 4174 Aristcteb
420 4118 455 4173 ds
480 4118 549 4175 arte
570 4119 702 4183 Paelice,
737 4136 761 4171 c.
780 4118 859 4175 XXI.
884 4118 945 4174 Vol.
965 4116 997 4174 V.
1022 4134 1049 4186 p·
1066 4112 1126 4172 tto.

88 4203 129 4259 st
145 4201 233 4260 nutu

899 4305 919 4373 ,t
