2616 4814
259 486 262 491 ,
321 458 370 497 ner
388 455 442 495 non
459 439 492 493 de
510 438 596 509 ipsius
615 451 668 490 aas
687 438 763 508 epod
778 436 928 494 Hm.
1123 434 1160 490 25

110 606 331 683 tendentibus,
352 607 385 667 in
406 606 489 689 ipsas
511 604 552 667 sit
572 600 799 665 introductus.
827 604 956 666 Minime
976 604 1075 689 igitur
1097 616 1158 685 cst,

113 709 199 793 quod
223 708 390 770 admiratio
412 720 520 768 nostra
541 717 728 781 moveatur,
749 705 776 765 si
795 706 970 789 praecipue
993 705 1077 791 apud
1091 709 1158 769 Ho·
1244 732 1254 743 ·

112 831 252 890 merum,
285 810 375 872 cuiue
400 830 500 894 opera
528 805 742 871 vetustissima
764 806 883 869 Graiae
912 806 1068 869 Camenae
1090 829 1159 871 mo·

109 927 258 996 numenta
287 926 380 993 sunt,
423 933 475 977 eas
506 896 631 995 regulas
661 930 725 971 non
755 908 935 971 invenimus
964 911 1159 991 observatas,

113 1039 191 1101 quas
211 1016 368 1095 seriores,
391 1012 507 1100 quibus
522 1011 658 1076 Graecia
678 1010 844 1091 inclaruit,
865 1011 1039 1096 scriptores
1058 1012 1089 1075 in
1110 1035 1159 1076 ar·

112 1119 211 1180 tinulo
234 1116 415 1180 adhibendo
437 1115 539 1178 secuti
560 1127 650 1194 sunt3
674 1113 701 1175 si
715 1114 815 1197 quasi
836 1113 970 1197 vestigia
991 1114 1087 1176 modo
1102 1113 1161 1177 hu·

113 1224 164 1284 ius
186 1222 219 1282 in
239 1221 379 1304 linguam
403 1222 559 1282 Graecam
579 1216 710 1281 vixdum
735 1216 936 1278 introductae
968 1218 1069 1300 partis
1090 1238 1162 1283 ora·

115 1324 211 1388 tionis
239 1324 323 1409 apud
346 1324 449 1406 ipsum
473 1321 565 1382 uobis
588 1320 761 1403 adparent,
795 1332 827 1382 et
854 1319 882 1380 si
904 1320 1002 1403 ipsius
1024 1342 1099 1383 usus
1127 1322 1162 1385 in

115 1439 230 1510 poetae
258 1425 343 1486 illius
365 1420 557 1487 carminibus
580 1421 683 1484 adhuc
713 1435 777 1484 tam
806 1420 921 1483 dubius
943 1434 975 1484 et
996 1418 1163 1503 fluctuans,

115 1538 149 1587 et
168 1524 296 1587 omnino
319 1546 383 1587 non
404 1537 452 1587 est
472 1521 636 1586 firmatus.
668 1521 807 1586 Articuli
822 1542 902 1618 vero
923 1545 1014 1586 usum
1026 1526 1164 1589 Homeri

114 1628 313 1712 temporibus
342 1628 404 1691 iam
435 1627 534 1690 fuisse
557 1627 737 1712 cognitum,
771 1627 901 1689 minime
928 1619 1071 1691 'dubitari
1091 1645 1164 1715 pot-

115 1746 173 1812 est,
197 1754 295 1818 quum
314 1733 347 1794 in
367 1733 542 1795 innumeris
566 1731 652 1816 apud
672 1731 778 1815 ipsum
793 1744 940 1793 occurrat
961 1732 1051 1811 locis,
1075 1732 1164 1823 quod

116 1839 247 1931 quidem
264 1835 466 1922 probandum
484 1835 831 1919 demonstrandumque
847 1833 1036 1918 suscipiam,
1055 1836 1164 1901 simul·

116 1961 154 2002 ac
175 1956 218 2003 ea'
234 1941 415 2023 adposuero
439 1949 819 2027 atqueupertraetavero,
853 1957 935 2021 quae
956 1939 1165 2020 recentiores,

117 2041 174 2125 qui
203 2039 282 2101 mihi
313 2040 541 2117 innotuerunt,
573 2039 748 2121 scriptores
778 2037 818 2098 de
841 2038 968 2099 articuli
998 2058 1058 2100 usu
1080 2041 1166 2124 apud

116 2144 296 2203 Homerum
316 2140 528 2202 tradiderunt.
572 2140 677 2234 Quem
699 2159 779 2200 vero
804 2137 858 2200 hic
879 2139 969 2222 priua
993 2140 1165 2223 nominem,
1217 2148 1221 2159 '

41 2258 45 2275 ⁸
118 2267 212 2331 quam
234 2244 279 2306 ill.
300 2252 428 2328 Heyne,
453 2243 538 2337 hunc
559 2245 722 2303 Musarum
742 2240 932 2319 antistitem,
957 2243 1167 2330 veritatisque

117 2346 208 2427 adeo,
221 2359 397 2424 amantem,
418 2358 454 2407 ut
473 2364 533 2407 neo
554 2343 637 2422 illis,
659 2363 739 2428 quos
762 2365 779 2406 a
800 2343 865 2406 suis
882 2342 1085 2428 opinionibus
1102 2350 1167 2413 dis·

119 2469 253 2533 crepare
274 2448 382 2527 videt,
418 2446 613 2515 benevolum
644 2445 781 2531 deneget
811 2445 970 2527 animum,
1002 2446 1029 2509 si
1056 2451 1166 2532 modo,
1224 2456 1226 2461 '

111 2554 198 2637 ⁴qnid
224 2553 256 2614 in
288 2572 414 2637 quaque
445 2571 481 2614 re
506 2570 617 2612 verum
646 2549 870 2634 sincerumque
899 2550 959 2630 sit,
991 2556 1167 2638 quaerendi

120 2667 215 2739 atque
245 2652 455 2734 investigandi
484 2651 588 2712 studio
618 2652 681 2713 sint
708 2651 830 2733 incensi
845 2654 890 2734 1).
941 2653 970 2717 ls
998 2674 1072 2716 sane
1094 2657 1167 2738 Vir,

121 2757 200 2816 mihi
227 2755 445 2838 maximopere
473 2751 644 2830 colendus,
684 2753 854 2816 articulum
890 2755 994 2819 credit
1021 2761 1166 2823 Homero

121 2860 217 2946 plane
240 2859 436 2941 incognitum
458 2854 575 2933 luisse,
603 2855 637 2914 id
659 2857 745 2939 quod
767 2858 836 2941 ipse
856 2857 1003 2941 pluribus
1025 2862 1168 2928 declarat

121 2960 221 3040 loeis,
242 2959 417 3044 praecipue
438 2958 470 3018 ln
493 2977 629 3019 excursu
648 2958 688 3018 ad
705 2959 838 3019 Homer.
859 2959 895 3019 ll.
915 2962 998 3048 9²)t
1018 2961 1074 3023 ubi
1088 2964 1168 3029 haee
1271 3028 1273 3033 ,

88 3066 289 3149 ⁴¹leguntur:
327 3059 533 3122 »Articulum
554 3058 593 3119 ab
615 3061 759 3120 Homero
781 3079 844 3121 non
867 3062 1013 3144 agnosci,
1047 3076 1079 3133 et
1099 3085 1170 3132 essa

123 3166 173 3229 »ei
196 3166 212 3233 ὁ
233 3186 297 3250 pro
319 3158 444 3243 αὐτό-ς,
475 3161 618 3241 ἐκεῖνος,
653 3163 728 3225 satia
750 3183 835 3227 nunc
857 3148 1020 3235 decantata
1041 3181 1090 3243 est
1111 3170 1169 3233 ob.

123 3268 299 3342 acervatio,
320 3264 443 3339 firmata
464 3262 730 3350 disputationibus
751 3265 898 3332 virorum
920 3266 1106 3350 doctorum,
1135 3287 1170 3338 et

123 3393 246 3456 »nuper
275 3368 390 3436 Wollii
412 3371 452 3437 V.
476 3370 511 3432 C.
541 3368 645 3453 praef.
674 3391 747 3455 pag.
774 3373 894 3437 xxvtt
921 3375 1033 3457 (quem
1060 3375 1169 3445 locum

26 3536 32 3546 ,
124 3473 302 3557 »inspicere
326 3471 405 3531 mihi
432 3491 495 3539 non
516 3471 623 3563 licuit)
656 3473 812 3557 Hoeppen
834 3476 925 3535 Tom.
947 3474 972 3536 l.
1001 3497 1073 3560 pag.
1094 3484 1168 3548 303.

125 3576 300 3639 »Monitum
322 3573 362 3637 de
384 3593 423 3635 eo
445 3586 499 3654 est
513 3575 574 3640 iam
596 3597 615 3638 a
636 3575 861 3661 grammaticis,
882 3577 914 3638 in
934 3576 983 3647 his
1005 3579 1045 3642 ab
1068 3580 1168 3663 Apol·

192 3844 225 3912 1)
242 3843 463 3912 „Proponuntur
479 3839 550 3897 bsee
568 3859 585 3896 s
601 3854 662 3909 ms,
682 3860 737 3899 non
753 3847 787 3899 ut
806 3861 858 3914 pio
874 3828 995 3898 arbitrio
1015 3845 1170 3916 quidquam

18 3974 22 3981 .
124 3932 317 4006 pronuntiem,
343 3950 444 3987 verum
461 3938 495 3987 ut
511 3933 562 3988 alii
578 3933 718 4000 babeant,
752 3937 788 3989 de
807 3952 862 4005 qno
881 3935 1003 4004 amplius
1021 3945 1169 4005 quaerent,

125 4043 192 4079 num
211 4025 277 4094 quid
299 4024 421 4079 firmiter
438 4024 509 4090 satis
526 4024 660 4081 conditui
684 4025 801 4097 possit-‘⁴
835 4024 986 4095 Heynsin
1004 4027 1113 4084 observ.
1132 4027 1170 4086 ad

15 4128 18 4135 ’
125 4114 210 4177 Hom.
228 4114 318 4164 (lurni.
337 4112 373 4166 Τ.
391 4112 457 4167 vlt.
477 4132 503 4183 p.
522 4113 584 4169 423.

194 4202 227 4272 2)
242 4203 358 4266 Homer.
373 4203 466 4262 Germ
483 4220 543 4260 eur.
562 4202 657 4274 Heyn.
676 4201 712 4257 tt
729 4201 795 4259 v11.
810 4221 838 4273 p.
854 4200 915 4261 Μ.
