2616 4814
133 393 187 449 ret
475 389 512 445 x.
546 366 682 459 Ecccrptc
698 388 831 461 quaedam

133 559 251 623 tionem
271 570 375 619 eutem
388 555 621 640 imperiumque
638 555 721 619 inter
738 575 773 619 ee
790 553 917 620 diversa
929 552 1038 634 fuisse,
1059 574 1165 640 quem·

133 681 227 743 quam
254 656 464 719 differentiam
486 658 569 721 inter
589 680 626 721 ee
647 656 897 721 intercedentem
923 678 988 720 non
1018 669 1166 720 accurate

132 759 264 823 delinire
284 779 470 843 poscumus,
490 758 597 822 multis
618 759 698 824 locie
719 758 891 823 edocemur
906 759 948 841 ¹).

109 934 112 943 Ι
211 864 347 923 Praetor
366 859 482 944 igitur,
504 882 602 945 quum
624 862 655 921 in
676 856 910 944 magistratibus
923 859 1097 922 maioribus
1109 880 1165 921 nu·

10 1012 15 1023 ,
45 1020 59 1035 ,
130 975 325 1043 mereretur,
346 962 596 1025 iurisdictionem
615 960 754 1024 habebat
774 960 1027 1045 imperiumque,
1055 960 1164 1023 totius·

131 1086 193 1153 que
213 1066 377 1151 potestatis
399 1067 459 1150 ipei
480 1087 648 1130 concessae
669 1066 752 1128 ratio
774 1064 823 1127 hie
843 1064 945 1128 tribue
967 1063 1164 1148 exprimeba-

129 1182 183 1233 tur
203 1168 327 1249 verbis,
347 1179 404 1253 do,
422 1179 507 1253 dico,
528 1178 644 1234 acidior.
685 1170 822 1231 Praetor
842 1166 990 1229 nimirum
1009 1172 1102 1231 dedat
1118 1165 1164 1225 iu·

130 1272 250 1351 dicem,
271 1279 390 1337 dicebm
410 1272 478 1351 ius,
511 1280 669 1337 addicebat
688 1292 758 1333 rem
785 1270 819 1331 in
848 1270 918 1332 iure
948 1269 983 1352 (i.
1005 1288 1033 1331 e.
1056 1286 1164 1329 coram

127 1374 292 1458 praetore)
314 1394 449 1454 ceream,
482 1386 514 1436 ct
544 1374 626 1436 bone
655 1374 714 1437 rub
735 1373 823 1437 herta
852 1370 980 1439 vendite
1003 1371 1078 1457 plur
1096 1369 1163 1431 lici·

127 1475 265 1538 tentibus
280 1477 322 1555 2).
363 1477 414 1539 Ad
436 1475 687 1541 iurisdietionem
708 1495 771 1539 nou
792 1474 852 1539 niti
872 1474 921 1537 iue
943 1470 1069 1536 dicendi
1089 1490 1161 1555 per·

126 1620 345 1643 ofin—...-

126 1723 270 1780 habebunt
288 1724 444 1795 imperium.
480 1725 604 1783 Minore·
621 1726 804 1799 megirtrutur
820 1727 964 1781 hebebant
981 1733 1011 1783 et
1028 1724 1081 1796 ipri
1092 1724 1160 1779 mlx·

124 1822 187 1869 tum
204 1815 368 1885 imperium,
389 1822 418 1869 et
434 1814 561 1885 aliquem
578 1816 774 1872 coercitionem
792 1817 827 1870 ed
844 1816 977 1871 tuendum
992 1814 1159 1870 iurisdictio-

123 1922 188 1959 nem
211 1923 308 1972 ruem3
343 1907 392 1961 red
410 1906 483 1961 ricut
500 1924 553 1961 non
572 1907 714 1962 trabebant
731 1910 842 1976 plenum
868 1914 898 1961 et
915 1908 1099 1962 excellentem
1117 1906 1160 1959 ie·

124 1994 331 2061 riedictionem‚
357 1996 398 2049 ite
420 2014 473 2048 nen
494 1996 638 2051 habebunt
655 1998 769 2066 plenum
794 2002 824 2049 et
841 1995 978 2049 excellere
1003 1992 1159 2063 imperium.

123 2082 232 2135 Idcirco
250 2083 281 2135 1ιὶ
298 2083 356 2138 eine
374 2082 492 2155 imperio
510 2101 573 2137 erre
589 2084 771 2149 dicebantur,
799 2084 866 2153 quie
890 2101 953 2139 cum
972 2068 1031 2137 illic
1048 2096 1160 2151 compe-

123 2172 180 2227 ruti
198 2174 398 2243 propemodum
416 2191 469 2227 non
487 2173 656 2229 videbantur
672 2172 822 2243 imperium
840 2174 954 2228 hebere.
993 2171 1045 2226 Illi
1061 2177 1160 2225 contre

123 2261 271 2331 imperium
296 2261 403 2315 hebere
427 2262 607 2328 dicebantur,
636 2279 700 2316 cum
717 2260 836 2331 lrnperie
856 2278 933 2327 eree,
961 2259 1079 2331 imperio
1105 2256 1157 2323 uti,

123 2368 174 2421 pre
191 2350 308 2423 imperio
325 2368 376 2406 rue
393 2350 500 2421 aliquid
519 2356 635 2423 egere.“
670 2352 791 2405 Averen.
808 2352 829 2405 l.
846 2368 869 2405 c.
888 2352 919 2403 c.
936 2349 986 2404 IV.
1005 2349 1040 2405 lt
1056 2366 1098 2421 eq.

191 2442 222 2506 l‘)
239 2442 318 2507 ‚‚Ee,
339 2457 410 2509 quue
429 2440 519 2511 megi·
538 2422 744 2511 impertirent,
767 2457 851 2508 quem
867 2440 1077 2502 iurisdictionis,
1097 2452 1158 2490 me-

123 2531 259 2601 gietretur
280 2530 456 2599 municipalia
474 2532 569 2584 iecere
593 2547 647 2584 non
664 2536 765 2599 potent.
806 2530 1022 2601 Megirtretibur
1041 2527 1157 2583 munici-

121 2621 233 2691 pantu·
249 2620 346 2690 itaque
361 2638 414 2675 uon
432 2620 607 2690 permittitur
623 2621 652 2673 in
662 2621 805 2692 integrum
821 2620 990 2686 restituere,
1016 2626 1066 2673 eut
1082 2618 1157 2671 benc

121 2711 165 2769 rei
181 2713 333 2767 nervendue
351 2728 434 2765 cuum
450 2711 549 2765 iubere
567 2710 727 2781 petridem,
764 2712 813 2763 vel
828 2712 989 2783 legatorum
1005 2709 1156 2763 remando-

121 2816 183 2853 rum
204 2805 316 2853 caure.“
335 2801 467 2854 Peudect.
487 2800 519 2853 Ia.
537 2798 579 2869 50,
599 2798 643 2854 tit
661 2801 686 2854 1.
704 2801 739 2853 ir.
757 2798 798 2853 26.
815 2800 850 2853 ei.
869 2800 901 2855 11.
914 2800 939 2852 l.
955 2798 1001 2853 tit.
1017 2796 1061 2851 21.
1077 2799 1113 2850 tr.
1129 2793 1155 2849 t.

121 2892 150 2939 ct
176 2887 208 2941 Ic
224 2886 250 2941 2.
274 2885 316 2941 tit
333 2888 359 2940 1.
383 2890 417 2941 tr.
434 2889 459 2941 4.
502 2887 636 2959 llieputet
660 2870 700 2942 de'
720 2888 774 2943 hec
798 2905 830 2941 re
855 2887 1011 2943 Avcreniur
1031 2903 1153 2956 queque,

121 2974 185 3045 qui,
214 2976 401 3043 „Enimvcrm
430 2977 624 3048 inquit(1n1.
642 2976 811 3043 c.1v.t.)‚
838 2976 1019 3047 distinguitur
1036 2992 1053 3029 n
1070 2974 1154 3028 iuri·-

120 3065 240 3123 dictioue
258 3067 374 3122 mixtum
394 3068 559 3139 imperium3
589 3076 635 3134 et,
653 3069 721 3122 licet
739 3069 766 3121 in
786 3067 847 3121 iure
865 3074 959 3121 nostro
977 3071 1092 3137 propter
1111 3065 1154 3118 in-

119 3158 305 3227 reparabilem
322 3161 556 3227 coniunctioncm,
577 3166 607 3214 et
626 3160 705 3228 queri
722 3160 861 3227 quendum
878 3157 1049 3213 individuam
1064 3157 1153 3211 secie·

120 3252 209 3300 tctcm
227 3256 256 3302 et
273 3250 413 3303 nominum
437 3249 729 3315 communicetienem,
757 3250 879 3302 alterum
901 3265 952 3317 pro
970 3250 1061 3302 ultore
1079 3245 1152 3301 ucci-

119 3336 230 3405 pietur3
259 3345 352 3399 temen
371 3341 480 3394 omnine
506 3340 618 3394 divcme
643 3345 686 3392 ert
708 3355 726 3392 e
742 3337 828 3391 mixto
847 3338 964 3408 imperio
987 3337 1151 3394 iurisdictio.

59 3416 62 3421 ¹
118 3427 157 3481 Et
181 3427 308 3496 quemvis
333 3430 518 3502 Megirtrutur
542 3430 646 3482 hebeat
673 3436 844 3496 utrumque.
881 3437 973 3485 temen
1000 3428 1150 3499 aliquando

119 3522 229 3569 exercet
247 3516 480 3584 meledictionem,
509 3517 659 3586 eliquende
677 3517 793 3571 mixtum
816 3516 980 3586 imperium
1017 3524 1046 3573 et
1065 3535 1150 3586 quee-

118 3603 183 3656 dum
198 3602 267 3657 iecit
284 3604 314 3657 vi
329 3604 523 3659 iurisdictionir
535 3623 611 3673 cuce,
631 3606 660 3659 in
677 3606 778 3675 quibu·
793 3622 845 3659 non
857 3611 967 3660 exercet
981 3605 1148 3675 imperium3

120 3695 256 3763 quaedem
272 3695 342 3749 iecit
360 3696 391 3749 vi
408 3694 533 3766 imperii,
559 3697 595 3752 ed
613 3713 684 3766 quae
709 3696 834 3751 iucicnde
857 3714 911 3751 non
935 3697 1040 3750 ruilicit
1063 3695 1148 3749 iuris·

118 3782 231 3837 dictinf‘

185 3871 218 3939 2)
236 3873 315 3926 Huec
334 3874 422 3929 verim
441 3880 549 3944 epectut
568 3874 687 3929 ovidius
703 3874 732 3928 in
750 3874 826 3929 Fert
845 3874 876 3929 Is.
892 3873 925 3939 1,
943 3873 995 3937 tr,
1020 3873 1079 3939 ubi,

153 3962 247 4027 ‚,llle‚
266 3963 373 4032 inquit,
391 3967 515 4021 notentur
533 3966 603 4032 erit,
623 3985 673 4037 per
690 3981 773 4035 quem
789 3961 847 4019 trie
861 3964 951 4017 verine
965 3963 1112 4019 rileutur.“

120 4050 155 4103 ci.
174 4049 263 4103 Verre
281 4055 315 4105 de
334 4055 366 4107 In.
383 4056 415 4107 h.
437 4057 469 4121 V,
487 4059 513 4112 7.
530 4076 557 4126 p.
574 4055 618 4109 45.
652 4056 748 4122 „Hinc
764 4055 832 4109 terti
850 4054 924 4121 dier,
949 4055 1053 4123 quibus
1068 4063 1147 4109 certe

118 4139 208 4195 verbe
224 4142 352 4214 rogitem
375 4145 434 4199 ciue
451 4145 561 4216 piaculo
579 4146 756 4217 praeteritur
772 4144 839 4200 lieet
856 4145 919 4201 teri.
960 4147 1005 4200 Au
1026 4146 1080 4199 hcc
1097 4162 1147 4199 ne·

30 4436 119 4528 f!
