2616 4814
360 442 374 473 “-
400 436 435 489 de
451 437 569 489 decente
589 434 712 525 Graecos
726 435 848 505 lingone.
1128 435 1148 487 8

108 611 194 660 ntum
215 597 441 674 Prudentium,
471 606 505 660 et
532 597 628 659 alios:
669 595 812 659 invenies
842 616 967 681 semper
998 617 1052 662 ecs
1078 622 1141 665 non
1238 589 1242 597 ¹

109 703 258 784 »syllabas
286 704 443 778 Graecas,
475 700 532 763 sed
563 713 710 764 accentus
741 702 882 763 Graecos
911 723 980 766 esse
1008 719 1142 770 secutos.

108 806 180 868 rSic
212 806 371 867 Ausonius
399 804 432 866 in
460 824 542 867 voce
571 807 733 895 τρίγωνος
763 802 855 865 saeit:
899 807 972 890 quia
1000 823 1143 871 accentus

108 928 187 995 anon
210 922 259 971 est
283 909 315 969 in
333 906 456 985 media,
478 928 560 992 quae
579 906 673 990 longa
695 918 761 983 est,
791 920 964 991 propterea
985 931 1053 971 eam
1075 932 1144 973 cor·

108 1008 212 1092 rripit.
254 1009 335 1096 Quis
359 1009 488 1070 audebit
510 1008 635 1085 dicere,
656 1008 830 1068 Ausonium
849 1008 1048 1092 ignoratione
1063 1012 1145 1074 litte·

108 1130 233 1172 ararum
255 1114 451 1172 Graecarum
472 1110 545 1173 hoe
565 1110 795 1173 commississe?
835 1113 937 1173 Nemo
960 1135 1051 1174 sanus
1074 1114 1143 1198 qui·

109 1211 219 1287 edem,
249 1223 286 1272 ut
312 1223 400 1294 puto.
454 1211 518 1273 Sed
546 1210 585 1273 iis
614 1212 810 1296 temporibus
842 1214 938 1274 stulte
965 1214 1144 1291 videbatur,

112 1332 194 1372 anon
223 1312 268 1403 ibi
288 1314 469 1396 producere
489 1314 657 1396 syllabam,
691 1314 746 1377 ubi
768 1327 913 1377 accentus
940 1330 1039 1394 esset,
1073 1320 1147 1401 quia

109 1411 154 1472 ris
175 1424 224 1474 est
243 1435 312 1475 mos
343 1416 467 1499 linguae
495 1417 634 1478 Latinae.
685 1416 775 1478 Adeo
806 1428 841 1480 nt
869 1417 999 1480 Plautus
1027 1418 1061 1481 in
1083 1420 1145 1482 hoc

108 1533 252 1579 »secutus
271 1518 313 1580 sit
333 1518 486 1581 iudicium
508 1520 615 1603 vulgi,
659 1521 731 1604 quia
754 1542 817 1582 non
839 1540 910 1581 cum
938 1522 1056 1602 doctis,
1088 1516 1146 1585 sed

108 1637 198 1680 scum
219 1617 314 1704 plebe
342 1621 404 1683 sibi
431 1630 501 1685 rem
523 1643 592 1685 esse
614 1623 747 1686 videret.
794 1626 873 1686 Nam
903 1646 1030 1708 semper
1059 1626 1143 1710 apud

108 1721 216 1783 »illum
227 1732 438 1790 Phaedromus
458 1738 507 1788 est
529 1726 688 1808 dactylus,
710 1726 784 1811 quia
806 1746 920 1809 graece
933 1727 1143 1819 Φαίδρωμος.

107 1823 203 1884 »ltem
233 1824 306 1908 quia
336 1824 509 1899 Φίλὶππος
537 1828 654 1889 dieitur
675 1840 805 1890 accentu
827 1828 859 1889 in
879 1832 1001 1912 prima,
1033 1831 1147 1893 eodem

20 1958 27 1967 ·
107 1925 222 1987 amodo
250 1926 387 1988 mediam
419 1928 563 2011 corripit.
614 1931 657 1991 Et
684 1950 855 2011 numquam
884 1931 976 1991 aliter
1004 1931 1146 1993 invenies

107 2028 209 2110 »apud
230 2029 396 2106 Plantam,
427 2031 504 2113 quin
528 2030 664 2090 mediam
685 2030 718 2088 in
739 2030 867 2090 nomine
889 2038 1050 2111 Philippeo
1076 2051 1147 2089 cor-

107 2128 271 2209 »ripuerit
316 2128 412 2218 Quod
432 2128 550 2183 mirum
571 2128 671 2182 estin
691 2123 860 2203 positione.
899 2125 963 2182 sed
983 2120 1155 2206 quaerenti·

106 2241 251 2292 »eausam
272 2240 436 2289 accentum
458 2244 586 2308 semper
606 2222 799 2307 praetexit«
821 2258 862 2273 -
892 2223 969 2287 Sole
990 2224 1148 2309 ipso'ela.
1214 2234 1223 2249 ·

104 2333 171 2395 tius
191 2333 266 2393 hinc
287 2331 412 2408 elucet,
448 2328 504 2390 illa
525 2326 651 2389 nomina
673 2326 786 2388 iisdem
808 2327 987 2389 accentibus
1009 2350 1026 2390 a
1049 2332 1147 2396 Grae*

107 2437 152 2498 eis
174 2435 256 2497 elata
276 2455 364 2510 esse,
386 2432 502 2518 quibus
523 2452 541 2492 a
562 2430 773 2514 grammaticis
795 2428 958 2491 veteribus
979 2445 1084 2494 notata
1105 2434 1147 2496 ad

107 2556 166 2598 nos
186 2547 413 2619 pervenerunt.
455 2532 560 2595 Latini
582 2533 684 2611 enirn,
707 2530 822 2616 quibus
843 2530 922 2593 haec
942 2534 1052 2617 regula
1069 2542 1148 2614 erat,

108 2652 155 2715 ut,
174 2637 349 2721 penultima
372 2649 533 2719 correpta,
555 2635 800 2718 antepenultima
821 2633 954 2697 haberet
973 2651 1147 2718 accentum,

110 2759 193 2821 quo,
207 2739 387 2821 ‘penultima
407 2739 583 2821 producta,
603 2737 682 2799 haee
703 2738 770 2820 ipsa
791 2736 1002 2816 efferebatur,
1030 2743 1145 2824 procul

110 2840 209 2901 dnbio
230 2848 263 2903 'ct
291 2841 581 2928 pronuntiationem
605 2839 767 2901 nominum
796 2840 925 2902 illorum
948 2843 1145 2906 Graecorum

108 2937 148 3003 ad
174 2939 255 3003 hanc
281 2941 425 3025 regulam
456 2941 764 3019 accommodassent,
798 2941 859 3002 nisi
888 2942 955 3025 ipsa
976 2964 993 3003 a
1014 2945 1145 3008 Graecia

26 3032 34 3047 ²
107 3059 179 3107 eum
200 3057 333 3107 accentu
355 3045 387 3105 in
408 3042 656 3129 antepenultima
677 3042 758 3105 elata
783 3044 986 3126 accepissent

186 3151 224 3210 P.
246 3154 289 3221 37
308 3171 379 3236 sqq.
408 3150 548 3233 probare
578 3154 707 3212 conatus
728 3170 815 3228 sum,
850 3170 945 3211 unum
972 3142 1073 3213 solum
1095 3166 1145 3217 ac··

108 3265 253 3331 eentum,
283 3254 373 3316 utin
393 3254 527 3339 reliquis
549 3253 684 3338 linguis,
716 3252 813 3315 itaet
833 3252 864 3313 in
888 3255 1009 3317 Graece
1036 3254 1145 3337 fuisse,

9 3392 14 3417 t
107 3370 140 3420 et
161 3349 290 3441 quidem
315 3357 423 3435 illum,
457 3356 512 3441 qui
532 3357 663 3418 nomine
685 3354 768 3417 acuti
793 3354 956 3438 insignitus
978 3371 1042 3437 est3
1083 3360 1145 3423 cir³

108 3455 299 3518 enmllexum
320 3456 435 3539 igitur,
468 3459 523 3541 qni
554 3458 597 3519 ita
619 3456 753 3532 dicitur,
786 3454 990 3519 nullomodo
1011 3478 1050 3520 ex
1071 3480 1145 3523 eon··

108 3559 269 3622 iunctione
290 3544 375 3620 aduti
404 3577 477 3620 cum
497 3572 626 3621 accentu
647 3557 738 3640 gravi
765 3558 920 3642 originem
942 3559 1069 3623 trahere
1086 3574 1145 3641 poa

108 3661 217 3722 tuisse.
268 3662 354 3722 Huic
374 3673 457 3723 tero
486 3659 629 3742 opinioni
656 3658 785 3720 minime
807 3659 1042 3722 adsentiendum
1073 3676 1143 3723 esse

34 3834 41 3849 Ι
110 3760 272 3824 contendit
292 3770 337 3826 Ol.
357 3764 419 3827 Ast
438 3761 469 3821 in
492 3760 595 3837 libro,
625 3780 721 3844 quem
749 3772 822 3822 ante
849 3758 907 3822 ltos
937 3762 1015 3820 duos
1045 3757 1144 3822 edidit

111 3883 225 3941 annos,
247 3863 365 3948 quique
387 3865 557 3947 inscriptus
579 3870 850 3929 est-&modionas
869 3874 923 3927 der
942 3864 1144 3946 armisonae,

109 3975 324 4032 Hermencotilt
342 3978 409 4033 end
427 3976 553 4051 Kritilr,
586 3987 650 4051 qno
677 3986 750 4028 sane
777 3966 861 4027 libro
885 3984 948 4026 non
969 3966 1071 4027 solum
1092 3985 1143 4025 ac·

112 4079 221 4130 centus
242 4069 346 4150 gravis
367 4070 477 4132 tuendi
496 4069 693 4153 provinciam
714 4065 871 4148 suscepit,
891 4069 948 4129 sed
969 4068 1062 4130 etiam
1075 4088 1144 4128 sen·¹

111 4170 241 4233 tentiam
259 4166 405 4236 veterum
425 4172 730 4257 grammaticorum,
748 4166 985 4230 circumflexum
1008 4188 1048 4230 cx
1070 4188 1143 4230 eona

891 4273 940 4338 μ
