2616 4814
175 462 212 526 fl
324 466 376 526 tv.
411 466 585 540 Depretiasti
601 463 730 523 orationis
747 464 835 521 essu
851 470 932 535 utque
949 468 1058 519 saturn.

180 649 255 695 uem
274 630 313 695 ad
334 651 468 718 genart,
496 631 550 698 vel
569 631 627 695 sub
648 651 712 694 uno
730 629 811 708 iius,
837 629 891 696 val
913 630 972 692 sub
991 627 1133 706 duobus,
1158 625 1213 691 val

182 733 449 819 subtribuss1),
468 768 510 784 -
532 734 660 797 omnino
681 732 836 798 oblivioni
855 732 1029 797 tradendae
1048 741 1129 793 sunt.

262 837 328 900 Iam
347 858 427 903 varo
447 836 651 922 nosmetipsi
670 836 862 921 investigare
877 833 1109 918 adgrediamur,
1130 849 1212 916 spirae

183 936 450 1004 substantivorum
485 941 527 1003 ait
553 940 664 1002 natira
691 949 785 1022 atqua
812 935 955 1016 indoles,
996 948 1074 1022 quot
1101 954 1213 997 rorum

183 1040 399 1104 constituenda
427 1041 489 1105 sint
508 1058 642 1127 genera,
674 1052 708 1103 ot
727 1060 789 1125 qun
809 1059 846 1101 re
867 1037 907 1101 ab
935 1038 1098 1101 adiectivis
1121 1034 1215 1125 diffo-

182 1134 270 1222 rantj
291 1163 363 1211 oum
384 1142 517 1229 quibus,
537 1155 573 1206 nt
592 1142 689 1205 modo
709 1139 865 1222 vidimus,
887 1161 906 1204 a
926 1141 1089 1226 plerisque
1110 1159 1215 1224 gram·

181 1245 368 1309 matioorum
380 1267 443 1308 une
457 1243 631 1329 eadamque
648 1242 859 1327 adpellationa
871 1243 1191 1328 comprehenduntur.

263 1346 539 1412 Substantivorum
559 1364 675 1408 nomeu
694 1346 733 1408 iia
746 1346 928 1430 impositum
946 1358 994 1410 est
1006 1345 1123 1427 verbis,
1145 1344 1215 1430 qui·

181 1447 242 1513 bus
263 1449 316 1512 vel
336 1468 388 1512 ros
409 1466 522 1512 revera
550 1458 761 1510 axsmntas'at
780 1448 813 1509 in
834 1468 942 1512 sensns
962 1462 1088 1513 nostros
1110 1450 1216 1511 incur·

181 1561 306 1629 rentes,
337 1551 391 1616 vel
418 1554 563 1613 notiones
591 1548 812 1633 designantur,
842 1572 976 1635 quarum
1000 1549 1140 1614 subiecta
1161 1562 1216 1613 ant

182 1651 310 1714 omuino
331 1652 434 1714 animo
453 1661 563 1717 nostro
584 1648 690 1714 efficta
708 1661 799 1729 sunt,
821 1662 875 1714 aut
892 1652 1109 1717 tantummodo
1124 1672 1142 1714 a
1158 1670 1216 1714 no·

180 1748 233 1815 bis'
250 1765 409 1839 tamquam
429 1772 489 1839 for
509 1770 545 1815 sa
566 1752 739 1815 constantia
758 1752 946 1837 cogitantur.
988 1753 1118 1838 Duplex
1139 1752 1215 1817 inde

152 1914 156 1929 ,
181 1853 243 1917 iem
264 1853 432 1918 conficitur
452 1852 721 1919 substantivorum
735 1873 852 1939 genus,
872 1875 1010 1941 quornm
1028 1854 1163 1918 alterum
1178 1873 1218 1917 es

171 1956 439 2043 ‘comprehendit,
459 1956 576 2042 quibua
594 1978 616 2033 a
636 1956 848 2042 grammaticis
863 1976 979 2020 noman
993 1969 1217 2021 concretorum

180 2058 314 2124 inditum
335 2072 399 2139 est,
431 2058 566 2120 altarum
586 2076 744 2135 verosa,
771 2078 853 2143 quaa
873 2056 1029 2123 abstracta
1055 2057 1220 2121 nominan-

178 2174 240 2225 tur.
282 2163 326 2224 At
344 2178 423 2225 vero
445 2170 594 2221 concreta
606 2157 818 2237 substantiva,
839 2159 985 2222 omnibus
1000 2158 1064 2222 rita
1079 2168 1222 2244 parpen·'

179 2263 238 2342 sis,
269 2262 302 2322 in
323 2260 463 2325 diversas
484 2278 614 2343 quoque
635 2258 797 2343 dispartiri
818 2260 935 2323 debent
955 2259 1097 2344 speeies,
1126 2260 1155 2322 si
1175 2280 1217 2325 ex

178 2363 239 2426 boo
258 2361 423 2424 notionum
443 2358 645 2423 substantivis
663 2359 896 2443 dmigumarum
910 2360 1152 2446 investigatione
1170 2363 1218 2425 ‹ti-

178 2463 386 2550 gestionequs
406 2480 479 2524 aum
498 2460 672 2545 percipere
692 2459 839 2527 volumus
855 2460 1012 2544 bustum,
1034 2484 1099 2549 quo
1113 2484 1216 2549 gram.

178 2566 311 2630 mationa
330 2562 573 2650 philosophicae
594 2561 734 2628 studium
752 2583 817 2627 non
839 2563 943 2628 solunt
968 2566 1217 2651 commendatur,

179 2665 235 2728 sesi
253 2666 349 2751 plane
368 2662 515 2729 redditur
535 2665 756 2731 necessarium.

259 2767 399 2830 Primam
425 2766 695 2843 substantivorum
723 2780 949 2835 oonorotornm
974 2770 1115 2856 speeiem
1140 2786 1216 2834 oou-
1269 2846 1272 2851 ¹

178 2870 315 2934 stituuut
334 2890 373 2933 aa
394 2856 539 2952 uomina,
572 2892 654 2959 quse
681 2874 813 2960 siugulis
833 2874 950 2954 rebus,
981 2872 1217 2959 aphilosophis

178 2971 417 3039 individuorum
437 2972 652 3056 adpailstiona
670 2975 842 3059 insignitis,
863 2977 963 3038 indita
974 2986 1065 3053 sunt,
1088 2973 1218 3058 quibus·

177 3095 241 3161 quo
260 3074 321 3138 bae
341 3095 394 3139 ras
415 3075 454 3137 ab
477 3076 622 3137 omnibus
642 3064 794 3161 roliqnia‚
814 3074 928 3138 ubiubi
948 3086 1086 3154 exstant,
1108 3071 1217 3135 distin-

177 3188 325 3260 guuntur.
384 3178 473 3239 Haeo
499 3175 694 3241 substantiva
722 3197 760 3239 aa
787 3195 873 3257 esso,
911 3195 993 3263 quaa
1021 3172 1217 3260 grammatioi

177 3278 304 3339 nomina
332 3277 465 3360 propria
494 3271 624 3367 (κύρια)
654 3263 918 3362 adpulisverunt,
959 3297 1024 3340 non
1052 3290 1101 3341 ost
1127 3277 1216 3363 quod

176 3392 322 3438 moneam
336 3379 379 3457 ²).
421 3377 574 3441 Notiones
594 3379 711 3463 igitur,
738 3400 819 3465 quae
838 3379 889 3444 bis
910 3380 1090 3442 nominibus
1111 3375 1216 3460 expri-

176 3488 317 3558 muntur,
339 3496 448 3541 omnes
469 3478 636 3564 qualitates
654 3482 934 3567 proprietatesque
951 3478 1216 3563 oomplootuntur,

245 3693 277 3759 1)
301 3690 395 3749 nunu.
412 3690 533 3747 ntuetr.
552 3689 588 3748 Τ.
604 3691 645 3748 ib
662 3710 689 3764 p.
705 3691 757 3750 tot
774 3711 816 3765 sq.
833 3693 876 3749 ssi
891 3690 994 3750 Bansr.
1036 3690 1079 3746 ct.
1103 3705 1216 3761 quoquo

83 3826 89 3843 ,
179 3780 304 3853 Scioppii
322 3785 447 3839 Gratum.
467 3781 574 3839 Pbiiot.
592 3801 620 3853 p.
635 3783 662 3840 4.

245 3875 277 3944 2)
303 3876 481 3948 „Proprium
504 3892 608 3941 nomen
621 3883 681 3942 ast,
709 3875 782 3945 quod
807 3874 976 3932 naturaliter
999 3871 1215 3941 uniuscuiusque

178 3962 321 4033 privatam
338 3966 525 4025 substantiam
541 3971 573 4022 et
591 3965 760 4036 stanuum
771 3966 942 4038 signifieat,
970 3970 1001 4019 at
1022 3963 1052 4017 in
1068 3964 1154 4018 rebus
1172 3966 1217 4014 sst

178 4049 345 4121 individuis,
373 4072 443 4125 quaa
459 4054 620 4127 philosophi
639 4060 734 4111 stom
750 4053 910 4120 nominat,
937 4058 971 4109 ut
988 4053 1088 4117 Pisto,
1115 4048 1217 4104 nous·

99 4181 104 4189 .
178 4144 230 4194 tes.
264 4141 367 4215 itaque
383 4151 461 4202 uarat
485 4142 677 4204 tommano
695 4140 848 4202 t'tstttttii0‘⁸
883 4139 1017 4199 Pmoun
1036 4155 1081 4212 sp.
1100 4134 1216 4194 Pousis
